<?xml version="1.0" encoding="UTF-8"?>
<!DOCTYPE html PUBLIC "-//W3C//DTD XHTML 1.0 Transitional//EN"
    "http://www.w3.org/TR/xhtml1/DTD/xhtml1-transitional.dtd">
<html xmlns="http://www.w3.org/1999/xhtml" xml:lang="en" lang="en">
 <head>
  <title>
</title>
<meta http-equiv="Content-Type" content="text/html;charset=utf-8" />
  <meta name='ocr-system' content='tesseract 3.04.00' />
  <meta name='ocr-capabilities' content='ocr_page ocr_carea ocr_par ocr_line ocrx_word'/>
</head>
<body>
  <div class='ocr_page' id='page_1' title='image "./doctorisecstati00unkngoog_0123.png"; bbox 0 0 4309 6259; ppageno 0'>
   <div class='ocr_carea' id='block_1_1' title="bbox 567 496 1728 561">
    <p class='ocr_par' dir='ltr' id='par_1_1' title="bbox 567 496 1728 561">
     <span class='ocr_line' id='line_1_1' title="bbox 567 496 1728 561; baseline 0.002 -4"><span class='ocrx_word' id='word_1_1' title='bbox 567 510 742 558; x_wconf 68' lang='lat' dir='ltr'>autumno</span> <span class='ocrx_word' id='word_1_2' title='bbox 763 513 794 558; x_wconf 87' lang='lat' dir='ltr'>nr</span> <span class='ocrx_word' id='word_1_3' title='bbox 815 512 883 559; x_wconf 78' lang='lat' dir='ltr'>una.</span> <span class='ocrx_word' id='word_1_4' title='bbox 907 512 1004 559; x_wconf 82' lang='lat' dir='ltr'>xxnu</span> <span class='ocrx_word' id='word_1_5' title='bbox 1024 512 1127 560; x_wconf 81' lang='lat' dir='ltr'>axoni.</span> <span class='ocrx_word' id='word_1_6' title='bbox 1149 531 1191 545; x_wconf 91' lang='lat'>·-</span> <span class='ocrx_word' id='word_1_7' title='bbox 1210 514 1282 561; x_wconf 78' lang='lat' dir='ltr'>aar.</span> <span class='ocrx_word' id='word_1_8' title='bbox 1305 516 1343 561; x_wconf 83' lang='lat' dir='ltr'>ur</span> <span class='ocrx_word' id='word_1_9' title='bbox 1689 496 1728 560; x_wconf 71' lang='lat'>75</span> 
     </span>
    </p>
   </div>
   <div class='ocr_carea' id='block_1_2' title="bbox 170 682 1727 1454">
    <p class='ocr_par' dir='ltr' id='par_1_2' title="bbox 170 682 1727 1454">
     <span class='ocr_line' id='line_1_2' title="bbox 174 682 1726 766; baseline 0.002 -24"><span class='ocrx_word' id='word_1_10' title='bbox 174 682 408 763; x_wconf 77' lang='lat' dir='ltr'>hyacinthinis,</span> <span class='ocrx_word' id='word_1_11' title='bbox 418 682 587 745; x_wconf 88' lang='lat' dir='ltr'>videretur.</span> <span class='ocrx_word' id='word_1_12' title='bbox 598 682 726 745; x_wconf 87' lang='lat' dir='ltr'>Stamen</span> <span class='ocrx_word' id='word_1_13' title='bbox 740 691 844 745; x_wconf 89' lang='lat' dir='ltr'>tamen</span> <span class='ocrx_word' id='word_1_14' title='bbox 861 690 928 744; x_wconf 85' lang='lat' dir='ltr'>tau-</span> <span class='ocrx_word' id='word_1_15' title='bbox 941 683 967 744; x_wconf 92' lang='lat' dir='ltr'>A</span> <span class='ocrx_word' id='word_1_16' title='bbox 980 684 1066 763; x_wconf 90' lang='lat' dir='ltr'>quod</span> <span class='ocrx_word' id='word_1_17' title='bbox 1082 682 1186 747; x_wconf 93' lang='lat' dir='ltr'>Aaron</span> <span class='ocrx_word' id='word_1_18' title='bbox 1202 692 1234 747; x_wconf 92' lang='grc' dir='ltr'>θῖ</span> <span class='ocrx_word' id='word_1_19' title='bbox 1254 684 1318 747; x_wconf 93' lang='lat' dir='ltr'>filii</span> <span class='ocrx_word' id='word_1_20' title='bbox 1333 683 1403 765; x_wconf 87' lang='lat' dir='ltr'>ejus</span> <span class='ocrx_word' id='word_1_21' title='bbox 1422 684 1561 766; x_wconf 89' lang='lat' dir='ltr'>propriis</span> <span class='ocrx_word' id='word_1_22' title='bbox 1577 683 1726 746; x_wconf 90' lang='lat' dir='ltr'>manibus</span> 
     </span>
     <span class='ocr_line' id='line_1_3' title="bbox 175 780 1727 865; baseline 0.002 -24"><span class='ocrx_word' id='word_1_23' title='bbox 175 788 245 841; x_wconf 89' lang='lat' dir='ltr'>tum</span> <span class='ocrx_word' id='word_1_24' title='bbox 261 781 429 863; x_wconf 69' lang='lat' dir='ltr'>byssinum</span> <span class='ocrx_word' id='word_1_25' title='bbox 444 790 522 857; x_wconf 90' lang='lat' dir='ltr'>erat,</span> <span class='ocrx_word' id='word_1_26' title='bbox 540 782 571 843; x_wconf 93' lang='lat' dir='ltr'>id</span> <span class='ocrx_word' id='word_1_27' title='bbox 595 790 643 843; x_wconf 99' lang='grc' dir='ltr'>θεῖ</span> <span class='ocrx_word' id='word_1_28' title='bbox 666 780 723 843; x_wconf 89' lang='lat' dir='ltr'>fila</span> <span class='ocrx_word' id='word_1_29' title='bbox 738 781 770 843; x_wconf 92' lang='lat' dir='ltr'>in</span> <span class='ocrx_word' id='word_1_30' title='bbox 796 781 925 861; x_wconf 89' lang='lat' dir='ltr'>longum</span> <span class='ocrx_word' id='word_1_31' title='bbox 982 780 1146 845; x_wconf 88' lang='lat' dir='ltr'>feminalia</span> <span class='ocrx_word' id='word_1_32' title='bbox 1162 784 1349 860; x_wconf 73' lang='lat' dir='ltr'>induebant,</span> <span class='ocrx_word' id='word_1_33' title='bbox 1367 792 1471 847; x_wconf 88' lang='lat' dir='ltr'>cetera</span> <span class='ocrx_word' id='word_1_34' title='bbox 1486 784 1605 865; x_wconf 80' lang='lat' dir='ltr'><strong>Moyses</strong></span> <span class='ocrx_word' id='word_1_35' title='bbox 1621 783 1727 844; x_wconf 89' lang='lat' dir='ltr'>induit</span> 
     </span>
     <span class='ocr_line' id='line_1_4' title="bbox 171 879 1726 964; baseline 0.002 -25"><span class='ocrx_word' id='word_1_36' title='bbox 171 889 329 961; x_wconf 88' lang='lat' dir='ltr'>protensa</span> <span class='ocrx_word' id='word_1_37' title='bbox 344 880 378 942; x_wconf 94' lang='lat' dir='ltr'>in</span> <span class='ocrx_word' id='word_1_38' title='bbox 394 880 492 943; x_wconf 89' lang='lat' dir='ltr'>baltei</span> <span class='ocrx_word' id='word_1_39' title='bbox 507 880 605 961; x_wconf 87' lang='lat' dir='ltr'>hujus</span> <span class='ocrx_word' id='word_1_40' title='bbox 619 888 753 944; x_wconf 84' lang='lat' dir='ltr'>textura.</span> <span class='ocrx_word' id='word_1_41' title='bbox 771 879 926 942; x_wconf 79' lang='lat' dir='ltr'>fimbrias</span> <span class='ocrx_word' id='word_1_42' title='bbox 981 898 1046 942; x_wconf 91' lang='lat' dir='ltr'>eos.</span> <span class='ocrx_word' id='word_1_43' title='bbox 1064 881 1182 964; x_wconf 84' lang='lat' dir='ltr'><strong>Nempe</strong></span> <span class='ocrx_word' id='word_1_44' title='bbox 1204 902 1303 963; x_wconf 88' lang='lat' dir='ltr'>quum</span> <span class='ocrx_word' id='word_1_45' title='bbox 1320 882 1441 945; x_wconf 89' lang='lat' dir='ltr'>dictum</span> <span class='ocrx_word' id='word_1_46' title='bbox 1462 890 1521 958; x_wconf 89' lang='lat' dir='ltr'>est,</span> <span class='ocrx_word' id='word_1_47' title='bbox 1537 882 1660 945; x_wconf 85' lang='lat' dir='ltr'>Vesties</span> <span class='ocrx_word' id='word_1_48' title='bbox 1675 882 1726 943; x_wconf 92' lang='lat' dir='ltr'>bis</span> 
     </span>
     <span class='ocr_line' id='line_1_5' title="bbox 170 977 1725 1061; baseline 0 -22"><span class='ocrx_word' id='word_1_49' title='bbox 170 996 306 1059; x_wconf 86' lang='lat' dir='ltr'>quoque</span> <span class='ocrx_word' id='word_1_50' title='bbox 316 978 367 1057; x_wconf 90' lang='lat' dir='ltr'>(ut</span> <span class='ocrx_word' id='word_1_51' title='bbox 382 977 498 1059; x_wconf 88' lang='lat' dir='ltr'>fertur)</span> <span class='ocrx_word' id='word_1_52' title='bbox 508 978 620 1040; x_wconf 91' lang='lat' dir='ltr'>habuit</span> <span class='ocrx_word' id='word_1_53' title='bbox 635 979 674 1041; x_wconf 88' lang='lat' dir='ltr'>de</span> <span class='ocrx_word' id='word_1_54' title='bbox 689 997 778 1055; x_wconf 88' lang='lat' dir='ltr'>aure,</span> <span class='ocrx_word' id='word_1_55' title='bbox 791 978 926 1059; x_wconf 88' lang='lat' dir='ltr'>aliisque</span> <span class='ocrx_word' id='word_1_56' title='bbox 982 978 1132 1042; x_wconf 92' lang='lat' dir='ltr'>omnibus</span> <span class='ocrx_word' id='word_1_57' title='bbox 1154 980 1256 1043; x_wconf 93' lang='lat' dir='ltr'>Aaron</span> <span class='ocrx_word' id='word_1_58' title='bbox 1279 988 1310 1043; x_wconf 89' lang='lat' dir='ltr'>et</span> <span class='ocrx_word' id='word_1_59' title='bbox 1333 980 1420 1043; x_wconf 93' lang='lat' dir='ltr'>filios</span> <span class='ocrx_word' id='word_1_60' title='bbox 1440 981 1521 1060; x_wconf 85' lang='lat' dir='ltr'>ejus,</span> <span class='ocrx_word' id='word_1_61' title='bbox 1535 980 1725 1061; x_wconf 86' lang='lat' dir='ltr'>adjunctum</span> 
     </span>
     <span class='ocr_line' id='line_1_6' title="bbox 171 1076 1723 1159; baseline 0.001 -22"><span class='ocrx_word' id='word_1_62' title='bbox 171 1076 339 1139; x_wconf 88' lang='lat' dir='ltr'>coloribus</span> <span class='ocrx_word' id='word_1_63' title='bbox 369 1076 503 1158; x_wconf 87' lang='lat' dir='ltr'>pulchra</span> <span class='ocrx_word' id='word_1_64' title='bbox 532 1076 687 1139; x_wconf 89' lang='lat' dir='ltr'>varietate</span> <span class='ocrx_word' id='word_1_65' title='bbox 713 1086 851 1140; x_wconf 88' lang='lat' dir='ltr'>ornatas.</span> <span class='ocrx_word' id='word_1_66' title='bbox 878 1081 927 1138; x_wconf 86' lang='lat' dir='ltr'>Ac</span> <span class='ocrx_word' id='word_1_67' title='bbox 982 1085 1040 1154; x_wconf 85' lang='grc' dir='ltr'><strong>θεῖ,</strong></span> <span class='ocrx_word' id='word_1_68' title='bbox 1057 1078 1165 1141; x_wconf 85' lang='lat' dir='ltr'>Facies</span> <span class='ocrx_word' id='word_1_69' title='bbox 1180 1086 1212 1139; x_wconf 91' lang='lat' dir='ltr'>et</span> <span class='ocrx_word' id='word_1_70' title='bbox 1228 1078 1391 1142; x_wconf 88' lang='lat' dir='ltr'>feminalia</span> <span class='ocrx_word' id='word_1_71' title='bbox 1405 1078 1501 1155; x_wconf 88' lang='lat' dir='ltr'>linea,</span> <span class='ocrx_word' id='word_1_72' title='bbox 1517 1086 1552 1140; x_wconf 90' lang='lat' dir='ltr'>ut</span> <span class='ocrx_word' id='word_1_73' title='bbox 1567 1078 1723 1159; x_wconf 88' lang='lat' dir='ltr'>operiant,</span> 
     </span>
     <span class='ocr_line' id='line_1_7' title="bbox 172 1174 1726 1257; baseline 0.001 -24"><span class='ocrx_word' id='word_1_74' title='bbox 172 1176 280 1235; x_wconf 79' lang='lat' dir='ltr'>tiaras</span> <span class='ocrx_word' id='word_1_75' title='bbox 295 1196 307 1235; x_wconf 84' lang='grc'>.·</span> <span class='ocrx_word' id='word_1_76' title='bbox 323 1176 409 1257; x_wconf 89' lang='lat' dir='ltr'>quod</span> <span class='ocrx_word' id='word_1_77' title='bbox 424 1175 464 1237; x_wconf 92' lang='lat' dir='ltr'>de</span> <span class='ocrx_word' id='word_1_78' title='bbox 480 1174 568 1238; x_wconf 90' lang='lat' dir='ltr'>tiaris</span> <span class='ocrx_word' id='word_1_79' title='bbox 585 1174 724 1257; x_wconf 86' lang='lat' dir='ltr'>byssinis</span> <span class='ocrx_word' id='word_1_80' title='bbox 739 1175 793 1255; x_wconf 89' lang='lat' dir='ltr'>(de</span> <span class='ocrx_word' id='word_1_81' title='bbox 808 1174 926 1256; x_wconf 88' lang='lat' dir='ltr'>quibus</span> <span class='ocrx_word' id='word_1_82' title='bbox 982 1183 1042 1239; x_wconf 87' lang='lat' dir='ltr'>ete.</span> <span class='ocrx_word' id='word_1_83' title='bbox 1061 1176 1125 1238; x_wconf 87' lang='lat' dir='ltr'>Hoc</span> <span class='ocrx_word' id='word_1_84' title='bbox 1147 1177 1244 1239; x_wconf 89' lang='lat' dir='ltr'>etiam</span> <span class='ocrx_word' id='word_1_85' title='bbox 1269 1177 1382 1240; x_wconf 85' lang='lat' dir='ltr'>asserit</span> <span class='ocrx_word' id='word_1_86' title='bbox 1396 1176 1516 1239; x_wconf 87' lang='lat' dir='ltr'>Glossa.</span> <span class='ocrx_word' id='word_1_87' title='bbox 1535 1180 1577 1238; x_wconf 85' lang='grc' dir='ltr'><strong>Εῖ</strong></span> <span class='ocrx_word' id='word_1_88' title='bbox 1593 1186 1726 1237; x_wconf 71' lang='lat' dir='ltr'>arantur</span> 
     </span>
     <span class='ocr_line' id='line_1_8' title="bbox 170 1272 1727 1355; baseline 0 -21"><span class='ocrx_word' id='word_1_89' title='bbox 170 1274 240 1354; x_wconf 89' lang='lat' dir='ltr'>jam</span> <span class='ocrx_word' id='word_1_90' title='bbox 256 1272 453 1354; x_wconf 83' lang='lat' dir='ltr'>dictumest)</span> <span class='ocrx_word' id='word_1_91' title='bbox 469 1273 612 1335; x_wconf 77' lang='lat' dir='ltr'>sumitur.</span> <span class='ocrx_word' id='word_1_92' title='bbox 626 1278 667 1336; x_wconf 83' lang='lat' dir='ltr'>In</span> <span class='ocrx_word' id='word_1_93' title='bbox 678 1277 822 1351; x_wconf 71' lang='lat' dir='ltr'>gloriam</span> <span class='ocrx_word' id='word_1_94' title='bbox 832 1284 862 1335; x_wconf 85' lang='lat' dir='ltr'>et</span> <span class='ocrx_word' id='word_1_95' title='bbox 876 1278 927 1334; x_wconf 76' lang='lat' dir='ltr'>de</span> <span class='ocrx_word' id='word_1_96' title='bbox 980 1277 1025 1333; x_wconf 86' lang='lat' dir='ltr'>eis</span> <span class='ocrx_word' id='word_1_97' title='bbox 1040 1278 1153 1335; x_wconf 81' lang='lat' dir='ltr'>Aaron</span> <span class='ocrx_word' id='word_1_98' title='bbox 1168 1285 1198 1336; x_wconf 88' lang='lat' dir='ltr'>et</span> <span class='ocrx_word' id='word_1_99' title='bbox 1212 1278 1280 1353; x_wconf 78' lang='lat' dir='ltr'>fita·</span> <span class='ocrx_word' id='word_1_100' title='bbox 1297 1278 1378 1353; x_wconf 80' lang='lat' dir='ltr'>ejus,</span> <span class='ocrx_word' id='word_1_101' title='bbox 1394 1278 1523 1355; x_wconf 78' lang='lat' dir='ltr'>quando</span> <span class='ocrx_word' id='word_1_102' title='bbox 1542 1276 1727 1351; x_wconf 72' lang='lat' dir='ltr'>ingredien-</span> 
     </span>
     <span class='ocr_line' id='line_1_9' title="bbox 170 1372 1725 1454; baseline 0 -22"><span class='ocrx_word' id='word_1_103' title='bbox 170 1392 279 1432; x_wconf 82' lang='lat' dir='ltr'>coram</span> <span class='ocrx_word' id='word_1_104' title='bbox 300 1394 311 1431; x_wconf 94' lang='lat'>.·</span> <span class='ocrx_word' id='word_1_105' title='bbox 333 1373 444 1435; x_wconf 90' lang='lat' dir='ltr'>eodem</span> <span class='ocrx_word' id='word_1_106' title='bbox 471 1372 787 1454; x_wconf 80' lang='lat' dir='ltr'>proportionabiliter</span> <span class='ocrx_word' id='word_1_107' title='bbox 812 1392 924 1449; x_wconf 90' lang='lat' dir='ltr'>sensu,</span> <span class='ocrx_word' id='word_1_108' title='bbox 983 1384 1036 1433; x_wconf 79' lang='lat' dir='ltr'>tter</span> <span class='ocrx_word' id='word_1_109' title='bbox 1057 1376 1301 1435; x_wconf 78' lang='lat' dir='ltr'>tabernaculum</span> <span class='ocrx_word' id='word_1_110' title='bbox 1325 1375 1511 1445; x_wconf 83' lang='lat' dir='ltr'>testimonii,</span> <span class='ocrx_word' id='word_1_111' title='bbox 1528 1378 1577 1432; x_wconf 86' lang='lat' dir='ltr'>vel</span> <span class='ocrx_word' id='word_1_112' title='bbox 1594 1376 1725 1451; x_wconf 78' lang='lat' dir='ltr'>qnando</span> 
     </span>
    </p>
   </div>
   <div class='ocr_carea' id='block_1_3' title="bbox 171 1466 1835 1553">
    <p class='ocr_par' dir='ltr' id='par_1_3' title="bbox 171 1466 1835 1553">
     <span class='ocr_line' id='line_1_10' title="bbox 171 1466 1835 1553; baseline 0 -22"><span class='ocrx_word' id='word_1_113' title='bbox 171 1489 238 1551; x_wconf 90' lang='lat' dir='ltr'>quo</span> <span class='ocrx_word' id='word_1_114' title='bbox 251 1490 349 1553; x_wconf 91' lang='lat' dir='ltr'>supra</span> <span class='ocrx_word' id='word_1_115' title='bbox 361 1471 395 1533; x_wconf 92' lang='lat' dir='ltr'>iu</span> <span class='ocrx_word' id='word_1_116' title='bbox 409 1470 470 1534; x_wconf 93' lang='lat' dir='ltr'>isto</span> <span class='ocrx_word' id='word_1_117' title='bbox 483 1470 647 1534; x_wconf 87' lang='lat' dir='ltr'>dicebatur</span> <span class='ocrx_word' id='word_1_118' title='bbox 659 1470 807 1553; x_wconf 87' lang='lat' dir='ltr'>capitulo,</span> <span class='ocrx_word' id='word_1_119' title='bbox 818 1472 926 1535; x_wconf 85' lang='lat' dir='ltr'>Facies</span> <span class='ocrx_word' id='word_1_120' title='bbox 981 1474 1248 1551; x_wconf 78' lang='lat' dir='ltr'>appropinquant</span> <span class='ocrx_word' id='word_1_121' title='bbox 1268 1478 1312 1533; x_wconf 85' lang='lat' dir='ltr'>ad</span> <span class='ocrx_word' id='word_1_122' title='bbox 1331 1476 1436 1533; x_wconf 84' lang='lat' dir='ltr'>attare</span> <span class='ocrx_word' id='word_1_123' title='bbox 1454 1470 1723 1549; x_wconf 81' lang='lat' dir='ltr'>holocaustorum,</span> <span class='ocrx_word' id='word_1_124' title='bbox 1830 1466 1835 1473; x_wconf 84' lang='lat'>&#39;</span> 
     </span>
    </p>
   </div>
   <div class='ocr_carea' id='block_1_4' title="bbox 165 1570 1727 4514">
    <p class='ocr_par' dir='ltr' id='par_1_4' title="bbox 165 1570 1727 4514">
     <span class='ocr_line' id='line_1_11' title="bbox 172 1570 1726 1653; baseline -0.001 -22"><span class='ocrx_word' id='word_1_125' title='bbox 172 1578 299 1632; x_wconf 85' lang='lat' dir='ltr'>vestem</span> <span class='ocrx_word' id='word_1_126' title='bbox 315 1577 458 1633; x_wconf 90' lang='lat' dir='ltr'>sanctam</span> <span class='ocrx_word' id='word_1_127' title='bbox 475 1570 508 1631; x_wconf 93' lang='lat' dir='ltr'>in</span> <span class='ocrx_word' id='word_1_128' title='bbox 525 1570 659 1651; x_wconf 91' lang='lat' dir='ltr'>gloriam</span> <span class='ocrx_word' id='word_1_129' title='bbox 675 1578 707 1632; x_wconf 91' lang='lat' dir='ltr'>et</span> <span class='ocrx_word' id='word_1_130' title='bbox 722 1570 881 1633; x_wconf 90' lang='lat' dir='ltr'>decorem.</span> <span class='ocrx_word' id='word_1_131' title='bbox 982 1570 1032 1632; x_wconf 90' lang='lat' dir='ltr'>vel</span> <span class='ocrx_word' id='word_1_132' title='bbox 1045 1570 1261 1653; x_wconf 76' lang='lat' dir='ltr'>thymiamatis</span> <span class='ocrx_word' id='word_1_133' title='bbox 1271 1590 1327 1634; x_wconf 91' lang='lat' dir='ltr'>scu</span> <span class='ocrx_word' id='word_1_134' title='bbox 1343 1570 1481 1644; x_wconf 84' lang='lat' dir='ltr'>incensi;</span> <span class='ocrx_word' id='word_1_135' title='bbox 1495 1571 1726 1631; x_wconf 81' lang='lat' dir='ltr'>utministrent</span> 
     </span>
     <span class='ocr_line' id='line_1_12' title="bbox 224 1667 1727 1749; baseline -0.001 -19"><span class='ocrx_word' id='word_1_136' title='bbox 224 1672 401 1749; x_wconf 82' lang='lat' dir='ltr'>Vestiesqcre</span> <span class='ocrx_word' id='word_1_137' title='bbox 417 1672 468 1730; x_wconf 83' lang='lat' dir='ltr'>his</span> <span class='ocrx_word' id='word_1_138' title='bbox 488 1672 637 1731; x_wconf 79' lang='lat' dir='ltr'>omnibus</span> <span class='ocrx_word' id='word_1_139' title='bbox 652 1674 764 1743; x_wconf 73' lang='lat' dir='ltr'>Aaron</span> <span class='ocrx_word' id='word_1_140' title='bbox 786 1673 926 1748; x_wconf 79' lang='lat' dir='ltr'>fratrem</span> <span class='ocrx_word' id='word_1_141' title='bbox 981 1670 1018 1730; x_wconf 78' lang='lat' dir='ltr'>in</span> <span class='ocrx_word' id='word_1_142' title='bbox 1032 1672 1231 1741; x_wconf 80' lang='lat' dir='ltr'>sanctuaria,</span> <span class='ocrx_word' id='word_1_143' title='bbox 1249 1670 1281 1732; x_wconf 92' lang='lat' dir='ltr'>id</span> <span class='ocrx_word' id='word_1_144' title='bbox 1296 1678 1354 1746; x_wconf 89' lang='lat' dir='ltr'>est,</span> <span class='ocrx_word' id='word_1_145' title='bbox 1373 1669 1407 1730; x_wconf 91' lang='lat' dir='ltr'>in</span> <span class='ocrx_word' id='word_1_146' title='bbox 1427 1667 1632 1730; x_wconf 89' lang='lat' dir='ltr'>tabernaculo</span> <span class='ocrx_word' id='word_1_147' title='bbox 1651 1668 1727 1731; x_wconf 89' lang='lat' dir='ltr'>ofli-</span> 
     </span>
     <span class='ocr_line' id='line_1_13' title="bbox 172 1766 1725 1846; baseline 0.001 -19"><span class='ocrx_word' id='word_1_148' title='bbox 172 1776 281 1838; x_wconf 82' lang='lat' dir='ltr'>tuum,</span> <span class='ocrx_word' id='word_1_149' title='bbox 299 1778 329 1827; x_wconf 87' lang='lat' dir='ltr'>et</span> <span class='ocrx_word' id='word_1_150' title='bbox 343 1770 430 1845; x_wconf 72' lang='lat' dir='ltr'>filios</span> <span class='ocrx_word' id='word_1_151' title='bbox 447 1769 518 1846; x_wconf 72' lang='lat' dir='ltr'>ey&#39;us</span> <span class='ocrx_word' id='word_1_152' title='bbox 532 1788 608 1828; x_wconf 81' lang='lat' dir='ltr'>eum</span> <span class='ocrx_word' id='word_1_153' title='bbox 627 1788 672 1829; x_wconf 86' lang='lat' dir='ltr'>eo.</span> <span class='ocrx_word' id='word_1_154' title='bbox 690 1768 781 1831; x_wconf 87' lang='lat' dir='ltr'>Circa</span> <span class='ocrx_word' id='word_1_155' title='bbox 796 1768 856 1831; x_wconf 89' lang='lat' dir='ltr'>hoc</span> <span class='ocrx_word' id='word_1_156' title='bbox 881 1770 926 1833; x_wconf 89' lang='lat' dir='ltr'>lo·</span> <span class='ocrx_word' id='word_1_157' title='bbox 982 1767 1030 1831; x_wconf 89' lang='lat' dir='ltr'>cia</span> <span class='ocrx_word' id='word_1_158' title='bbox 1055 1788 1112 1829; x_wconf 92' lang='lat' dir='ltr'>sua</span> <span class='ocrx_word' id='word_1_159' title='bbox 1133 1777 1311 1845; x_wconf 77' lang='lat' dir='ltr'>exerceant,</span> <span class='ocrx_word' id='word_1_160' title='bbox 1329 1768 1449 1830; x_wconf 88' lang='lat' dir='ltr'>orando</span> <span class='ocrx_word' id='word_1_161' title='bbox 1474 1775 1505 1829; x_wconf 94' lang='grc' dir='ltr'>θῖ</span> <span class='ocrx_word' id='word_1_162' title='bbox 1530 1766 1725 1830; x_wconf 92' lang='lat' dir='ltr'>immolando</span> 
     </span>
     <span class='ocr_line' id='line_1_14' title="bbox 171 1865 1724 1949; baseline -0.001 -22"><span class='ocrx_word' id='word_1_163' title='bbox 171 1865 285 1946; x_wconf 90' lang='lat' dir='ltr'>quitur</span> <span class='ocrx_word' id='word_1_164' title='bbox 307 1866 400 1943; x_wconf 90' lang='lat' dir='ltr'>Beda,</span> <span class='ocrx_word' id='word_1_165' title='bbox 418 1868 504 1949; x_wconf 91' lang='lat' dir='ltr'>quod</span> <span class='ocrx_word' id='word_1_166' title='bbox 526 1866 593 1929; x_wconf 85' lang='lat' dir='ltr'>haec</span> <span class='ocrx_word' id='word_1_167' title='bbox 614 1867 675 1929; x_wconf 91' lang='lat' dir='ltr'>tria</span> <span class='ocrx_word' id='word_1_168' title='bbox 699 1866 812 1929; x_wconf 91' lang='lat' dir='ltr'>ultima</span> <span class='ocrx_word' id='word_1_169' title='bbox 834 1886 926 1930; x_wconf 90' lang='lat' dir='ltr'>orna·</span> <span class='ocrx_word' id='word_1_170' title='bbox 944 1878 966 1941; x_wconf 85' lang='grc' dir='ltr'><strong>Β</strong></span> <span class='ocrx_word' id='word_1_171' title='bbox 981 1886 1039 1949; x_wconf 95' lang='lat' dir='ltr'>pro</span> <span class='ocrx_word' id='word_1_172' title='bbox 1055 1866 1174 1949; x_wconf 92' lang='lat' dir='ltr'>populo</span> <span class='ocrx_word' id='word_1_173' title='bbox 1185 1893 1192 1943; x_wconf 91' lang='lat'>;</span> <span class='ocrx_word' id='word_1_174' title='bbox 1205 1888 1244 1927; x_wconf 82' lang='lat' dir='ltr'>ne</span> <span class='ocrx_word' id='word_1_175' title='bbox 1259 1868 1447 1947; x_wconf 81' lang='lat' dir='ltr'>iniquitatis</span> <span class='ocrx_word' id='word_1_176' title='bbox 1460 1869 1511 1927; x_wconf 82' lang='lat' dir='ltr'>rei</span> <span class='ocrx_word' id='word_1_177' title='bbox 1525 1868 1724 1939; x_wconf 76' lang='lat' dir='ltr'>moriantur,</span> 
     </span>
     <span class='ocr_line' id='line_1_15' title="bbox 170 1964 1725 2048; baseline 0.001 -23"><span class='ocrx_word' id='word_1_178' title='bbox 170 1965 529 2047; x_wconf 85' lang='lat' dir='ltr'>menta,competebant</span> <span class='ocrx_word' id='word_1_179' title='bbox 545 1965 624 2028; x_wconf 90' lang='lat' dir='ltr'>filiis</span> <span class='ocrx_word' id='word_1_180' title='bbox 640 1965 925 2048; x_wconf 69' lang='lat' dir='ltr'>Aaron3aliapra</span> <span class='ocrx_word' id='word_1_181' title='bbox 980 1966 1012 2028; x_wconf 95' lang='lat' dir='ltr'>id</span> <span class='ocrx_word' id='word_1_182' title='bbox 1037 1974 1096 2043; x_wconf 89' lang='lat' dir='ltr'>est,</span> <span class='ocrx_word' id='word_1_183' title='bbox 1116 1984 1156 2028; x_wconf 89' lang='lat' dir='ltr'>ne</span> <span class='ocrx_word' id='word_1_184' title='bbox 1178 1967 1262 2047; x_wconf 90' lang='lat' dir='ltr'>juste</span> <span class='ocrx_word' id='word_1_185' title='bbox 1283 1966 1469 2030; x_wconf 89' lang='lat' dir='ltr'>occidantur</span> <span class='ocrx_word' id='word_1_186' title='bbox 1493 1965 1588 2047; x_wconf 88' lang='lat' dir='ltr'>plaga</span> <span class='ocrx_word' id='word_1_187' title='bbox 1607 1964 1725 2028; x_wconf 82' lang='lat' dir='ltr'>divinae</span> 
     </span>
     <span class='ocr_line' id='line_1_16' title="bbox 171 2062 1726 2147; baseline -0.002 -22"><span class='ocrx_word' id='word_1_188' title='bbox 171 2064 270 2139; x_wconf 83' lang='lat' dir='ltr'>dicta,</span> <span class='ocrx_word' id='word_1_189' title='bbox 289 2064 350 2127; x_wconf 92' lang='lat' dir='ltr'>soli</span> <span class='ocrx_word' id='word_1_190' title='bbox 365 2064 469 2126; x_wconf 91' lang='lat' dir='ltr'>Aaron</span> <span class='ocrx_word' id='word_1_191' title='bbox 487 2064 625 2146; x_wconf 71' lang='lat' dir='ltr'>praesuli.</span> <span class='ocrx_word' id='word_1_192' title='bbox 644 2064 734 2127; x_wconf 89' lang='lat' dir='ltr'>Unde</span> <span class='ocrx_word' id='word_1_193' title='bbox 749 2073 781 2128; x_wconf 88' lang='lat' dir='ltr'>et</span> <span class='ocrx_word' id='word_1_194' title='bbox 795 2064 921 2129; x_wconf 87' lang='lat' dir='ltr'>Glossa:</span> <span class='ocrx_word' id='word_1_195' title='bbox 979 2064 1122 2145; x_wconf 74' lang='lat' dir='ltr'>justitiae,</span> <span class='ocrx_word' id='word_1_196' title='bbox 1133 2065 1159 2126; x_wconf 95' lang='lat' dir='ltr'>si</span> <span class='ocrx_word' id='word_1_197' title='bbox 1175 2064 1261 2126; x_wconf 90' lang='lat' dir='ltr'>istud</span> <span class='ocrx_word' id='word_1_198' title='bbox 1277 2073 1471 2147; x_wconf 68' lang='lat' dir='ltr'>preceptum</span> <span class='ocrx_word' id='word_1_199' title='bbox 1482 2062 1658 2126; x_wconf 91' lang='lat' dir='ltr'>omiserint.</span> <span class='ocrx_word' id='word_1_200' title='bbox 1670 2067 1726 2123; x_wconf 84' lang='lat' dir='ltr'>Le·</span> 
     </span>
     <span class='ocr_line' id='line_1_17' title="bbox 170 2162 1727 2244; baseline -0.004 -17"><span class='ocrx_word' id='word_1_201' title='bbox 170 2162 341 2239; x_wconf 87' lang='lat' dir='ltr'>Omnibus,</span> <span class='ocrx_word' id='word_1_202' title='bbox 351 2163 526 2244; x_wconf 90' lang='lat' dir='ltr'>inquit,his</span> <span class='ocrx_word' id='word_1_203' title='bbox 540 2164 726 2227; x_wconf 86' lang='lat' dir='ltr'>vestiendus</span> <span class='ocrx_word' id='word_1_204' title='bbox 741 2172 809 2227; x_wconf 87' lang='lat' dir='ltr'>erat</span> <span class='ocrx_word' id='word_1_205' title='bbox 819 2165 922 2227; x_wconf 86' lang='lat' dir='ltr'>Aaron</span> <span class='ocrx_word' id='word_1_206' title='bbox 975 2165 1133 2240; x_wconf 75' lang='lat' dir='ltr'>pitr&#39;mum</span> <span class='ocrx_word' id='word_1_207' title='bbox 1147 2166 1379 2240; x_wconf 80' lang='lat' dir='ltr'>sempiternum</span> <span class='ocrx_word' id='word_1_208' title='bbox 1394 2164 1455 2223; x_wconf 83' lang='lat' dir='ltr'>erit</span> <span class='ocrx_word' id='word_1_209' title='bbox 1465 2165 1578 2224; x_wconf 80' lang='lat' dir='ltr'>Aaron</span> <span class='ocrx_word' id='word_1_210' title='bbox 1592 2171 1622 2222; x_wconf 86' lang='lat' dir='ltr'>et</span> <span class='ocrx_word' id='word_1_211' title='bbox 1635 2164 1727 2222; x_wconf 85' lang='lat' dir='ltr'>aemi-</span> 
     </span>
     <span class='ocr_line' id='line_1_18' title="bbox 170 2260 1725 2344; baseline -0.002 -19"><span class='ocrx_word' id='word_1_212' title='bbox 170 2269 203 2325; x_wconf 89' lang='lat' dir='ltr'>et</span> <span class='ocrx_word' id='word_1_213' title='bbox 219 2260 283 2323; x_wconf 93' lang='lat' dir='ltr'>filii</span> <span class='ocrx_word' id='word_1_214' title='bbox 299 2262 381 2343; x_wconf 85' lang='lat' dir='ltr'>ejus,</span> <span class='ocrx_word' id='word_1_215' title='bbox 400 2263 454 2325; x_wconf 91' lang='lat' dir='ltr'>sed</span> <span class='ocrx_word' id='word_1_216' title='bbox 472 2262 623 2326; x_wconf 90' lang='lat' dir='ltr'>distincte</span> <span class='ocrx_word' id='word_1_217' title='bbox 640 2282 646 2326; x_wconf 94' lang='lat'>:</span> <span class='ocrx_word' id='word_1_218' title='bbox 665 2263 709 2325; x_wconf 89' lang='lat' dir='ltr'>ita</span> <span class='ocrx_word' id='word_1_219' title='bbox 724 2272 760 2324; x_wconf 91' lang='lat' dir='ltr'>ut</span> <span class='ocrx_word' id='word_1_220' title='bbox 782 2262 851 2344; x_wconf 90' lang='lat' dir='ltr'>ipse</span> <span class='ocrx_word' id='word_1_221' title='bbox 866 2262 924 2325; x_wconf 90' lang='lat' dir='ltr'>Aa·</span> <span class='ocrx_word' id='word_1_222' title='bbox 979 2263 1102 2339; x_wconf 79' lang='lat' dir='ltr'>atejus</span> <span class='ocrx_word' id='word_1_223' title='bbox 1113 2271 1184 2339; x_wconf 81' lang='lat' dir='ltr'>post</span> <span class='ocrx_word' id='word_1_224' title='bbox 1198 2282 1283 2334; x_wconf 81' lang='lat' dir='ltr'>eum,</span> <span class='ocrx_word' id='word_1_225' title='bbox 1300 2262 1332 2323; x_wconf 95' lang='lat' dir='ltr'>id</span> <span class='ocrx_word' id='word_1_226' title='bbox 1353 2269 1411 2337; x_wconf 88' lang='lat' dir='ltr'>est,</span> <span class='ocrx_word' id='word_1_227' title='bbox 1430 2269 1625 2342; x_wconf 75' lang='lat' dir='ltr'>preceptum</span> <span class='ocrx_word' id='word_1_228' title='bbox 1640 2260 1725 2322; x_wconf 90' lang='lat' dir='ltr'>istud</span> 
     </span>
     <span class='ocr_line' id='line_1_19' title="bbox 171 2358 1726 2442; baseline -0.002 -21"><span class='ocrx_word' id='word_1_229' title='bbox 171 2380 230 2423; x_wconf 93' lang='lat' dir='ltr'>rou</span> <span class='ocrx_word' id='word_1_230' title='bbox 246 2359 399 2423; x_wconf 89' lang='lat' dir='ltr'>omnibus</span> <span class='ocrx_word' id='word_1_231' title='bbox 414 2360 465 2422; x_wconf 91' lang='lat' dir='ltr'>bis</span> <span class='ocrx_word' id='word_1_232' title='bbox 475 2370 634 2436; x_wconf 80' lang='lat' dir='ltr'>uteretur3</span> <span class='ocrx_word' id='word_1_233' title='bbox 649 2362 712 2424; x_wconf 95' lang='lat' dir='ltr'>filii</span> <span class='ocrx_word' id='word_1_234' title='bbox 723 2370 828 2425; x_wconf 89' lang='lat' dir='ltr'>autem</span> <span class='ocrx_word' id='word_1_235' title='bbox 840 2362 920 2442; x_wconf 87' lang='lat' dir='ltr'>ejus,</span> <span class='ocrx_word' id='word_1_236' title='bbox 978 2360 1039 2423; x_wconf 90' lang='lat' dir='ltr'>erit</span> <span class='ocrx_word' id='word_1_237' title='bbox 1056 2368 1118 2422; x_wconf 90' lang='lat' dir='ltr'>tam</span> <span class='ocrx_word' id='word_1_238' title='bbox 1135 2358 1284 2441; x_wconf 84' lang='lat' dir='ltr'>pontifici</span> <span class='ocrx_word' id='word_1_239' title='bbox 1300 2377 1395 2440; x_wconf 86' lang='lat' dir='ltr'>quam</span> <span class='ocrx_word' id='word_1_240' title='bbox 1412 2358 1628 2422; x_wconf 89' lang='lat' dir='ltr'>sacerdotibus</span> <span class='ocrx_word' id='word_1_241' title='bbox 1643 2358 1726 2439; x_wconf 86' lang='lat' dir='ltr'>jugi-</span> 
     </span>
     <span class='ocr_line' id='line_1_20' title="bbox 171 2457 1725 2542; baseline -0.001 -22"><span class='ocrx_word' id='word_1_242' title='bbox 171 2458 221 2520; x_wconf 87' lang='lat' dir='ltr'>his</span> <span class='ocrx_word' id='word_1_243' title='bbox 244 2458 348 2520; x_wconf 91' lang='lat' dir='ltr'>tribus</span> <span class='ocrx_word' id='word_1_244' title='bbox 368 2476 440 2540; x_wconf 72' lang='lat' dir='ltr'>quaa</span> <span class='ocrx_word' id='word_1_245' title='bbox 465 2460 512 2522; x_wconf 92' lang='lat' dir='ltr'>eis</span> <span class='ocrx_word' id='word_1_246' title='bbox 536 2460 696 2542; x_wconf 87' lang='lat' dir='ltr'>adscripta</span> <span class='ocrx_word' id='word_1_247' title='bbox 721 2468 806 2535; x_wconf 91' lang='lat' dir='ltr'>sunt,</span> <span class='ocrx_word' id='word_1_248' title='bbox 823 2478 922 2541; x_wconf 86' lang='lat' dir='ltr'>quum</span> <span class='ocrx_word' id='word_1_249' title='bbox 979 2466 1026 2521; x_wconf 91' lang='lat' dir='ltr'>ter</span> <span class='ocrx_word' id='word_1_250' title='bbox 1040 2457 1287 2533; x_wconf 87' lang='lat' dir='ltr'>observandum,</span> <span class='ocrx_word' id='word_1_251' title='bbox 1299 2458 1452 2539; x_wconf 93' lang='lat' dir='ltr'>quamdiu</span> <span class='ocrx_word' id='word_1_252' title='bbox 1468 2458 1619 2520; x_wconf 82' lang='lat' dir='ltr'>lexvetus</span> <span class='ocrx_word' id='word_1_253' title='bbox 1631 2476 1725 2519; x_wconf 92' lang='lat' dir='ltr'>suum</span> 
     </span>
     <span class='ocr_line' id='line_1_21' title="bbox 169 2553 1726 2637; baseline -0.003 -18"><span class='ocrx_word' id='word_1_254' title='bbox 169 2557 301 2633; x_wconf 87' lang='lat' dir='ltr'>dieitur,</span> <span class='ocrx_word' id='word_1_255' title='bbox 326 2557 422 2620; x_wconf 92' lang='lat' dir='ltr'>Porro</span> <span class='ocrx_word' id='word_1_256' title='bbox 445 2557 524 2619; x_wconf 94' lang='lat' dir='ltr'>filiis</span> <span class='ocrx_word' id='word_1_257' title='bbox 540 2558 655 2635; x_wconf 88' lang='lat' dir='ltr'>Aaron,</span> <span class='ocrx_word' id='word_1_258' title='bbox 680 2568 740 2623; x_wconf 89' lang='lat' dir='ltr'>ete.</span> <span class='ocrx_word' id='word_1_259' title='bbox 758 2560 923 2623; x_wconf 88' lang='lat' dir='ltr'>Verumta-</span> <span class='ocrx_word' id='word_1_260' title='bbox 978 2556 1126 2619; x_wconf 91' lang='lat' dir='ltr'>habuerit</span> <span class='ocrx_word' id='word_1_261' title='bbox 1140 2575 1279 2633; x_wconf 90' lang='lat' dir='ltr'>cursum,</span> <span class='ocrx_word' id='word_1_262' title='bbox 1293 2565 1444 2637; x_wconf 88' lang='lat' dir='ltr'>tauquam</span> <span class='ocrx_word' id='word_1_263' title='bbox 1461 2556 1530 2635; x_wconf 90' lang='lat' dir='ltr'>lege</span> <span class='ocrx_word' id='word_1_264' title='bbox 1545 2554 1655 2617; x_wconf 88' lang='lat' dir='ltr'>diviua</span> <span class='ocrx_word' id='word_1_265' title='bbox 1671 2553 1726 2616; x_wconf 89' lang='lat' dir='ltr'>iir-</span> 
     </span>
     <span class='ocr_line' id='line_1_22' title="bbox 170 2655 1283 2738; baseline 0 -22"><span class='ocrx_word' id='word_1_266' title='bbox 170 2674 246 2718; x_wconf 91' lang='lat' dir='ltr'>meu</span> <span class='ocrx_word' id='word_1_267' title='bbox 263 2656 461 2738; x_wconf 78' lang='lat' dir='ltr'>expositores</span> <span class='ocrx_word' id='word_1_268' title='bbox 477 2657 690 2720; x_wconf 90' lang='lat' dir='ltr'>communiter</span> <span class='ocrx_word' id='word_1_269' title='bbox 705 2658 827 2735; x_wconf 90' lang='lat' dir='ltr'>dicunt,</span> <span class='ocrx_word' id='word_1_270' title='bbox 840 2660 923 2722; x_wconf 87' lang='lat' dir='ltr'>sicut</span> <span class='ocrx_word' id='word_1_271' title='bbox 979 2655 1072 2720; x_wconf 90' lang='lat' dir='ltr'>miter</span> <span class='ocrx_word' id='word_1_272' title='bbox 1090 2655 1283 2717; x_wconf 90' lang='lat' dir='ltr'>institutum.</span> 
     </span>
     <span class='ocr_line' id='line_1_23' title="bbox 169 2752 1726 2837; baseline -0.001 -21"><span class='ocrx_word' id='word_1_273' title='bbox 169 2762 203 2816; x_wconf 89' lang='lat' dir='ltr'>ct</span> <span class='ocrx_word' id='word_1_274' title='bbox 227 2754 367 2817; x_wconf 89' lang='lat' dir='ltr'>&#39;fhomas</span> <span class='ocrx_word' id='word_1_275' title='bbox 392 2754 427 2816; x_wconf 93' lang='lat' dir='ltr'>in</span> <span class='ocrx_word' id='word_1_276' title='bbox 452 2755 556 2837; x_wconf 90' lang='lat' dir='ltr'>prima</span> <span class='ocrx_word' id='word_1_277' title='bbox 581 2758 739 2834; x_wconf 75' lang='lat' dir='ltr'>secunde,</span> <span class='ocrx_word' id='word_1_278' title='bbox 757 2766 788 2821; x_wconf 88' lang='lat' dir='ltr'>et</span> <span class='ocrx_word' id='word_1_279' title='bbox 813 2766 922 2821; x_wconf 89' lang='lat' dir='ltr'>auctor</span> <span class='ocrx_word' id='word_1_280' title='bbox 1018 2754 1127 2835; x_wconf 89' lang='lat' dir='ltr'>ltaque</span> <span class='ocrx_word' id='word_1_281' title='bbox 1151 2752 1245 2832; x_wconf 91' lang='lat' dir='ltr'>(sicut</span> <span class='ocrx_word' id='word_1_282' title='bbox 1271 2772 1310 2815; x_wconf 83' lang='lat' dir='ltr'>ex</span> <span class='ocrx_word' id='word_1_283' title='bbox 1333 2752 1428 2816; x_wconf 91' lang='lat' dir='ltr'>dietis</span> <span class='ocrx_word' id='word_1_284' title='bbox 1453 2752 1629 2833; x_wconf 82' lang='lat' dir='ltr'>colligitur)</span> <span class='ocrx_word' id='word_1_285' title='bbox 1652 2760 1726 2815; x_wconf 89' lang='lat' dir='ltr'>octo</span> 
     </span>
     <span class='ocr_line' id='line_1_24' title="bbox 170 2850 1725 2935; baseline -0.003 -19"><span class='ocrx_word' id='word_1_286' title='bbox 170 2853 378 2916; x_wconf 74' lang='lat' dir='ltr'>Scholastica</span> <span class='ocrx_word' id='word_1_287' title='bbox 394 2853 546 2930; x_wconf 73' lang='lat' dir='ltr'>historiae,</span> <span class='ocrx_word' id='word_1_288' title='bbox 565 2856 649 2935; x_wconf 88' lang='lat' dir='ltr'>quod</span> <span class='ocrx_word' id='word_1_289' title='bbox 666 2874 829 2920; x_wconf 89' lang='lat' dir='ltr'>sacrorum</span> <span class='ocrx_word' id='word_1_290' title='bbox 850 2865 921 2920; x_wconf 91' lang='lat' dir='ltr'>oeto</span> <span class='ocrx_word' id='word_1_291' title='bbox 978 2860 1067 2914; x_wconf 90' lang='lat' dir='ltr'>erant</span> <span class='ocrx_word' id='word_1_292' title='bbox 1079 2850 1287 2914; x_wconf 86' lang='lat' dir='ltr'>sacerdotalia</span> <span class='ocrx_word' id='word_1_293' title='bbox 1303 2852 1499 2928; x_wconf 89' lang='lat' dir='ltr'>indumenta,</span> <span class='ocrx_word' id='word_1_294' title='bbox 1513 2850 1662 2914; x_wconf 87' lang='lat' dir='ltr'>videlicet</span> <span class='ocrx_word' id='word_1_295' title='bbox 1674 2870 1725 2913; x_wconf 91' lang='lat' dir='ltr'>ve-</span> 
     </span>
     <span class='ocr_line' id='line_1_25' title="bbox 171 2949 1725 3034; baseline -0.003 -20"><span class='ocrx_word' id='word_1_296' title='bbox 171 2952 448 3028; x_wconf 87' lang='lat' dir='ltr'>indumentorum,</span> <span class='ocrx_word' id='word_1_297' title='bbox 467 2960 605 3034; x_wconf 89' lang='lat' dir='ltr'>quatuor</span> <span class='ocrx_word' id='word_1_298' title='bbox 628 2955 811 3018; x_wconf 90' lang='lat' dir='ltr'>eommunia</span> <span class='ocrx_word' id='word_1_299' title='bbox 832 2964 922 3018; x_wconf 87' lang='lat' dir='ltr'>eraut</span> <span class='ocrx_word' id='word_1_300' title='bbox 977 2950 1035 3012; x_wconf 88' lang='lat' dir='ltr'>stis</span> <span class='ocrx_word' id='word_1_301' title='bbox 1047 2969 1102 3012; x_wconf 88' lang='lat' dir='ltr'>seu</span> <span class='ocrx_word' id='word_1_302' title='bbox 1120 2950 1226 3011; x_wconf 85' lang='lat' dir='ltr'>tunica</span> <span class='ocrx_word' id='word_1_303' title='bbox 1245 2950 1329 3011; x_wconf 86' lang='lat' dir='ltr'>linea</span> <span class='ocrx_word' id='word_1_304' title='bbox 1343 2950 1463 3025; x_wconf 88' lang='lat' dir='ltr'>stricta,</span> <span class='ocrx_word' id='word_1_305' title='bbox 1474 2949 1582 3011; x_wconf 88' lang='lat' dir='ltr'>tunica</span> <span class='ocrx_word' id='word_1_306' title='bbox 1597 2949 1725 3030; x_wconf 80' lang='lat' dir='ltr'>hyacin-</span> 
     </span>
     <span class='ocr_line' id='line_1_26' title="bbox 169 3047 1722 3135; baseline -0.003 -22"><span class='ocrx_word' id='word_1_307' title='bbox 169 3050 375 3132; x_wconf 88' lang='lat' dir='ltr'>pontificiae</span> <span class='ocrx_word' id='word_1_308' title='bbox 391 3051 609 3115; x_wconf 89' lang='lat' dir='ltr'>sacerdotibus</span> <span class='ocrx_word' id='word_1_309' title='bbox 623 3076 630 3127; x_wconf 89' lang='grc'>;</span> <span class='ocrx_word' id='word_1_310' title='bbox 643 3052 706 3114; x_wconf 88' lang='lat' dir='ltr'>alia</span> <span class='ocrx_word' id='word_1_311' title='bbox 720 3062 829 3117; x_wconf 77' lang='lat' dir='ltr'>&#39;autem</span> <span class='ocrx_word' id='word_1_312' title='bbox 845 3074 922 3135; x_wconf 87' lang='lat' dir='ltr'>qua·</span> <span class='ocrx_word' id='word_1_313' title='bbox 939 3060 961 3123; x_wconf 82' lang='lat' dir='ltr'><strong>c</strong></span> <span class='ocrx_word' id='word_1_314' title='bbox 980 3048 1078 3123; x_wconf 90' lang='lat' dir='ltr'>thina,</span> <span class='ocrx_word' id='word_1_315' title='bbox 1106 3047 1378 3128; x_wconf 88' lang='lat' dir='ltr'>superhumerale,</span> <span class='ocrx_word' id='word_1_316' title='bbox 1401 3048 1566 3124; x_wconf 86' lang='lat' dir='ltr'>rationale,</span> <span class='ocrx_word' id='word_1_317' title='bbox 1587 3048 1722 3125; x_wconf 87' lang='lat' dir='ltr'>balteus,</span> 
     </span>
     <span class='ocr_line' id='line_1_27' title="bbox 171 3146 1724 3233; baseline -0.001 -23"><span class='ocrx_word' id='word_1_318' title='bbox 171 3159 254 3225; x_wconf 90' lang='lat' dir='ltr'>tuor,</span> <span class='ocrx_word' id='word_1_319' title='bbox 267 3149 330 3213; x_wconf 92' lang='lat' dir='ltr'>soli</span> <span class='ocrx_word' id='word_1_320' title='bbox 346 3150 571 3231; x_wconf 88' lang='lat' dir='ltr'>competebant</span> <span class='ocrx_word' id='word_1_321' title='bbox 586 3150 745 3233; x_wconf 89' lang='lat' dir='ltr'>pontifici.</span> <span class='ocrx_word' id='word_1_322' title='bbox 760 3152 819 3214; x_wconf 87' lang='lat' dir='ltr'>Sed</span> <span class='ocrx_word' id='word_1_323' title='bbox 836 3152 920 3215; x_wconf 86' lang='lat' dir='ltr'>istud</span> <span class='ocrx_word' id='word_1_324' title='bbox 978 3148 1068 3223; x_wconf 88' lang='lat' dir='ltr'>tiara,</span> <span class='ocrx_word' id='word_1_325' title='bbox 1079 3146 1198 3208; x_wconf 89' lang='lat' dir='ltr'>lamina</span> <span class='ocrx_word' id='word_1_326' title='bbox 1208 3166 1314 3223; x_wconf 89' lang='lat' dir='ltr'>aurea,</span> <span class='ocrx_word' id='word_1_327' title='bbox 1325 3146 1490 3209; x_wconf 89' lang='lat' dir='ltr'>feminalia</span> <span class='ocrx_word' id='word_1_328' title='bbox 1500 3147 1595 3224; x_wconf 92' lang='lat' dir='ltr'>linea,</span> <span class='ocrx_word' id='word_1_329' title='bbox 1605 3146 1724 3229; x_wconf 91' lang='lat' dir='ltr'>quibus</span> 
     </span>
     <span class='ocr_line' id='line_1_28' title="bbox 170 3244 1724 3333; baseline 0 -25"><span class='ocrx_word' id='word_1_330' title='bbox 170 3246 312 3311; x_wconf 87' lang='lat' dir='ltr'>faciliter</span> <span class='ocrx_word' id='word_1_331' title='bbox 328 3248 550 3325; x_wconf 89' lang='lat' dir='ltr'>concordatur,</span> <span class='ocrx_word' id='word_1_332' title='bbox 565 3249 716 3330; x_wconf 88' lang='lat' dir='ltr'>quoniain</span> <span class='ocrx_word' id='word_1_333' title='bbox 734 3250 829 3331; x_wconf 91' lang='lat' dir='ltr'>paulo</span> <span class='ocrx_word' id='word_1_334' title='bbox 850 3260 922 3333; x_wconf 88' lang='lat' dir='ltr'>post</span> <span class='ocrx_word' id='word_1_335' title='bbox 977 3246 1127 3309; x_wconf 92' lang='lat' dir='ltr'>omnibus</span> <span class='ocrx_word' id='word_1_336' title='bbox 1148 3244 1293 3328; x_wconf 85' lang='lat' dir='ltr'>pontifex</span> <span class='ocrx_word' id='word_1_337' title='bbox 1308 3246 1465 3309; x_wconf 82' lang='lat' dir='ltr'>utebatur.</span> <span class='ocrx_word' id='word_1_338' title='bbox 1480 3245 1663 3309; x_wconf 88' lang='lat' dir='ltr'>Sacerdotes</span> <span class='ocrx_word' id='word_1_339' title='bbox 1674 3264 1724 3310; x_wconf 84' lang='lat' dir='ltr'>ve</span> 
     </span>
     <span class='ocr_line' id='line_1_29' title="bbox 169 3343 1722 3431; baseline -0.001 -25"><span class='ocrx_word' id='word_1_340' title='bbox 169 3346 209 3409; x_wconf 92' lang='lat' dir='ltr'>de</span> <span class='ocrx_word' id='word_1_341' title='bbox 231 3344 441 3409; x_wconf 88' lang='lat' dir='ltr'>feminalibus</span> <span class='ocrx_word' id='word_1_342' title='bbox 465 3346 622 3423; x_wconf 88' lang='lat' dir='ltr'>subditur,</span> <span class='ocrx_word' id='word_1_343' title='bbox 646 3367 717 3429; x_wconf 84' lang='lat' dir='ltr'>quae</span> <span class='ocrx_word' id='word_1_344' title='bbox 739 3348 822 3411; x_wconf 87' lang='lat' dir='ltr'>inter</span> <span class='ocrx_word' id='word_1_345' title='bbox 844 3369 921 3431; x_wconf 90' lang='lat' dir='ltr'>qua-</span> <span class='ocrx_word' id='word_1_346' title='bbox 978 3364 1012 3406; x_wconf 91' lang='lat' dir='ltr'>ro</span> <span class='ocrx_word' id='word_1_347' title='bbox 1028 3345 1200 3407; x_wconf 89' lang='lat' dir='ltr'>utebantur</span> <span class='ocrx_word' id='word_1_348' title='bbox 1216 3353 1353 3426; x_wconf 90' lang='lat' dir='ltr'>quatuor</span> <span class='ocrx_word' id='word_1_349' title='bbox 1369 3345 1494 3420; x_wconf 87' lang='lat' dir='ltr'>horum,</span> <span class='ocrx_word' id='word_1_350' title='bbox 1507 3344 1657 3407; x_wconf 87' lang='lat' dir='ltr'>videlieet</span> <span class='ocrx_word' id='word_1_351' title='bbox 1674 3343 1722 3406; x_wconf 92' lang='lat' dir='ltr'>fe·</span> 
     </span>
     <span class='ocr_line' id='line_1_30' title="bbox 170 3442 1720 3520; baseline 0 -15"><span class='ocrx_word' id='word_1_352' title='bbox 170 3452 243 3508; x_wconf 91' lang='lat' dir='ltr'>tuor</span> <span class='ocrx_word' id='word_1_353' title='bbox 259 3445 449 3507; x_wconf 89' lang='lat' dir='ltr'>indumenta</span> <span class='ocrx_word' id='word_1_354' title='bbox 464 3446 664 3509; x_wconf 86' lang='lat' dir='ltr'>sacerdotum</span> <span class='ocrx_word' id='word_1_355' title='bbox 688 3464 920 3509; x_wconf 89' lang='lat' dir='ltr'>conuumeran·</span> <span class='ocrx_word' id='word_1_356' title='bbox 976 3443 1161 3520; x_wconf 91' lang='lat' dir='ltr'>minalibus,</span> <span class='ocrx_word' id='word_1_357' title='bbox 1186 3443 1294 3506; x_wconf 89' lang='lat' dir='ltr'>tunica</span> <span class='ocrx_word' id='word_1_358' title='bbox 1315 3444 1410 3520; x_wconf 89' lang='lat' dir='ltr'>linea,</span> <span class='ocrx_word' id='word_1_359' title='bbox 1437 3442 1541 3506; x_wconf 90' lang='lat' dir='ltr'>balteo</span> <span class='ocrx_word' id='word_1_360' title='bbox 1568 3453 1600 3505; x_wconf 93' lang='grc' dir='ltr'>θῖ</span> <span class='ocrx_word' id='word_1_361' title='bbox 1630 3444 1720 3506; x_wconf 89' lang='lat' dir='ltr'>tiara.</span> 
     </span>
     <span class='ocr_line' id='line_1_31' title="bbox 170 3541 1723 3627; baseline -0.001 -23"><span class='ocrx_word' id='word_1_362' title='bbox 170 3553 232 3605; x_wconf 91' lang='lat' dir='ltr'>tur.</span> <span class='ocrx_word' id='word_1_363' title='bbox 250 3543 342 3618; x_wconf 82' lang='lat' dir='ltr'>Quod</span> <span class='ocrx_word' id='word_1_364' title='bbox 356 3545 438 3607; x_wconf 87' lang='lat' dir='ltr'>Beda</span> <span class='ocrx_word' id='word_1_365' title='bbox 455 3563 518 3608; x_wconf 93' lang='lat' dir='ltr'>non</span> <span class='ocrx_word' id='word_1_366' title='bbox 535 3554 640 3627; x_wconf 87' lang='lat' dir='ltr'>negat.</span> <span class='ocrx_word' id='word_1_367' title='bbox 660 3548 701 3607; x_wconf 80' lang='lat' dir='ltr'>Ift</span> <span class='ocrx_word' id='word_1_368' title='bbox 715 3556 917 3617; x_wconf 80' lang='lat' dir='ltr'>cunctorum,</span> <span class='ocrx_word' id='word_1_369' title='bbox 975 3542 1071 3604; x_wconf 90' lang='lat' dir='ltr'>Porro</span> <span class='ocrx_word' id='word_1_370' title='bbox 1095 3542 1174 3604; x_wconf 86' lang='lat' dir='ltr'>tiara</span> <span class='ocrx_word' id='word_1_371' title='bbox 1195 3542 1256 3603; x_wconf 85' lang='lat' dir='ltr'>ista</span> <span class='ocrx_word' id='word_1_372' title='bbox 1272 3562 1292 3603; x_wconf 97' lang='lat' dir='ltr'>a</span> <span class='ocrx_word' id='word_1_373' title='bbox 1313 3541 1412 3604; x_wconf 91' lang='lat' dir='ltr'>cidari</span> <span class='ocrx_word' id='word_1_374' title='bbox 1435 3561 1492 3605; x_wconf 91' lang='lat' dir='ltr'>seu</span> <span class='ocrx_word' id='word_1_375' title='bbox 1506 3542 1602 3603; x_wconf 90' lang='lat' dir='ltr'>mitra</span> <span class='ocrx_word' id='word_1_376' title='bbox 1619 3543 1723 3623; x_wconf 91' lang='lat' dir='ltr'>ponti-</span> 
     </span>
     <span class='ocr_line' id='line_1_32' title="bbox 169 3639 1722 3725; baseline -0.002 -20"><span class='ocrx_word' id='word_1_377' title='bbox 169 3642 321 3705; x_wconf 86' lang='lat' dir='ltr'>ridelicet</span> <span class='ocrx_word' id='word_1_378' title='bbox 337 3652 401 3705; x_wconf 90' lang='lat' dir='ltr'>tam</span> <span class='ocrx_word' id='word_1_379' title='bbox 412 3642 631 3724; x_wconf 87' lang='lat' dir='ltr'>Aaron,quam</span> <span class='ocrx_word' id='word_1_380' title='bbox 650 3643 790 3707; x_wconf 92' lang='lat' dir='ltr'>filiorum</span> <span class='ocrx_word' id='word_1_381' title='bbox 804 3643 916 3725; x_wconf 91' lang='lat' dir='ltr'>ipsius,</span> <span class='ocrx_word' id='word_1_382' title='bbox 978 3639 1064 3703; x_wconf 92' lang='lat' dir='ltr'>ficali</span> <span class='ocrx_word' id='word_1_383' title='bbox 1085 3640 1221 3702; x_wconf 88' lang='lat' dir='ltr'>multum</span> <span class='ocrx_word' id='word_1_384' title='bbox 1243 3649 1310 3703; x_wconf 92' lang='lat' dir='ltr'>erat</span> <span class='ocrx_word' id='word_1_385' title='bbox 1331 3640 1492 3703; x_wconf 86' lang='lat' dir='ltr'>distincta.</span> <span class='ocrx_word' id='word_1_386' title='bbox 1513 3641 1581 3701; x_wconf 81' lang='lat' dir='ltr'>lam</span> <span class='ocrx_word' id='word_1_387' title='bbox 1601 3640 1722 3721; x_wconf 89' lang='lat' dir='ltr'>quippe</span> 
     </span>
     <span class='ocr_line' id='line_1_33' title="bbox 167 3738 1722 3820; baseline -0.001 -20"><span class='ocrx_word' id='word_1_388' title='bbox 167 3744 367 3801; x_wconf 72' lang='lat' dir='ltr'>emasecrcbis</span> <span class='ocrx_word' id='word_1_389' title='bbox 382 3762 500 3802; x_wconf 73' lang='lat' dir='ltr'>mantra</span> <span class='ocrx_word' id='word_1_390' title='bbox 515 3742 586 3804; x_wconf 90' lang='lat' dir='ltr'>oleo</span> <span class='ocrx_word' id='word_1_391' title='bbox 602 3742 863 3817; x_wconf 87' lang='lat' dir='ltr'>consecrationis,</span> <span class='ocrx_word' id='word_1_392' title='bbox 883 3752 919 3805; x_wconf 88' lang='lat' dir='ltr'>ut</span> <span class='ocrx_word' id='word_1_393' title='bbox 975 3757 1161 3820; x_wconf 84' lang='lat' dir='ltr'>expressum</span> <span class='ocrx_word' id='word_1_394' title='bbox 1187 3747 1245 3816; x_wconf 91' lang='lat' dir='ltr'>est,</span> <span class='ocrx_word' id='word_1_395' title='bbox 1272 3738 1410 3819; x_wconf 86' lang='lat' dir='ltr'>qualiter</span> <span class='ocrx_word' id='word_1_396' title='bbox 1435 3738 1515 3801; x_wconf 86' lang='lat' dir='ltr'>tiara</span> <span class='ocrx_word' id='word_1_397' title='bbox 1538 3738 1599 3800; x_wconf 91' lang='lat' dir='ltr'>ista</span> <span class='ocrx_word' id='word_1_398' title='bbox 1625 3738 1722 3800; x_wconf 87' lang='lat' dir='ltr'>fuerit</span> 
     </span>
     <span class='ocr_line' id='line_1_34' title="bbox 168 3836 1722 3921; baseline -0.001 -22"><span class='ocrx_word' id='word_1_399' title='bbox 168 3838 255 3902; x_wconf 92' lang='lat' dir='ltr'>infra</span> <span class='ocrx_word' id='word_1_400' title='bbox 277 3840 460 3903; x_wconf 84' lang='lat' dir='ltr'>habebitur.</span> <span class='ocrx_word' id='word_1_401' title='bbox 478 3843 766 3921; x_wconf 79' lang='lat' dir='ltr'>Sanctifieabfsque</span> <span class='ocrx_word' id='word_1_402' title='bbox 784 3844 869 3911; x_wconf 85' lang='lat' dir='ltr'>ittos,</span> <span class='ocrx_word' id='word_1_403' title='bbox 884 3842 918 3904; x_wconf 94' lang='lat' dir='ltr'>id</span> <span class='ocrx_word' id='word_1_404' title='bbox 975 3837 1141 3920; x_wconf 88' lang='lat' dir='ltr'>disposita.</span> <span class='ocrx_word' id='word_1_405' title='bbox 1159 3837 1281 3900; x_wconf 84' lang='lat' dir='ltr'>Cidaris</span> <span class='ocrx_word' id='word_1_406' title='bbox 1295 3846 1401 3900; x_wconf 90' lang='lat' dir='ltr'>autem</span> <span class='ocrx_word' id='word_1_407' title='bbox 1413 3836 1611 3919; x_wconf 84' lang='lat' dir='ltr'>pontificalis</span> <span class='ocrx_word' id='word_1_408' title='bbox 1626 3837 1722 3900; x_wconf 83' lang='lat' dir='ltr'>exsti-</span> 
     </span>
     <span class='ocr_line' id='line_1_35' title="bbox 167 3935 1721 4021; baseline -0.003 -20"><span class='ocrx_word' id='word_1_409' title='bbox 167 3948 227 4017; x_wconf 90' lang='lat' dir='ltr'>est,</span> <span class='ocrx_word' id='word_1_410' title='bbox 245 3940 285 4001; x_wconf 90' lang='lat' dir='ltr'>ad</span> <span class='ocrx_word' id='word_1_411' title='bbox 311 3938 422 4001; x_wconf 87' lang='lat' dir='ltr'>diviua</span> <span class='ocrx_word' id='word_1_412' title='bbox 446 3939 635 4021; x_wconf 75' lang='lat' dir='ltr'>applicabiS,</span> <span class='ocrx_word' id='word_1_413' title='bbox 656 3939 856 4021; x_wconf 88' lang='lat' dir='ltr'>mancipabis</span> <span class='ocrx_word' id='word_1_414' title='bbox 882 3960 918 4003; x_wconf 90' lang='lat' dir='ltr'>ac</span> <span class='ocrx_word' id='word_1_415' title='bbox 976 3936 1014 3998; x_wconf 90' lang='lat' dir='ltr'>tit</span> <span class='ocrx_word' id='word_1_416' title='bbox 1034 3936 1253 4017; x_wconf 73' lang='lat' dir='ltr'>hyacinthina,</span> <span class='ocrx_word' id='word_1_417' title='bbox 1277 3955 1349 4017; x_wconf 82' lang='lat' dir='ltr'>quae</span> <span class='ocrx_word' id='word_1_418' title='bbox 1370 3935 1404 3997; x_wconf 93' lang='lat' dir='ltr'>in</span> <span class='ocrx_word' id='word_1_419' title='bbox 1429 3935 1533 4018; x_wconf 89' lang='lat' dir='ltr'>capite</span> <span class='ocrx_word' id='word_1_420' title='bbox 1555 3935 1721 4017; x_wconf 91' lang='lat' dir='ltr'>pontilicis</span> 
     </span>
     <span class='ocr_line' id='line_1_36' title="bbox 166 4034 1721 4120; baseline -0.001 -23"><span class='ocrx_word' id='word_1_421' title='bbox 166 4035 360 4118; x_wconf 86' lang='lat' dir='ltr'>purificabis</span> <span class='ocrx_word' id='word_1_422' title='bbox 381 4055 438 4119; x_wconf 93' lang='lat' dir='ltr'>per</span> <span class='ocrx_word' id='word_1_423' title='bbox 461 4038 590 4099; x_wconf 92' lang='lat' dir='ltr'>modum</span> <span class='ocrx_word' id='word_1_424' title='bbox 613 4036 697 4100; x_wconf 87' lang='lat' dir='ltr'>infra</span> <span class='ocrx_word' id='word_1_425' title='bbox 720 4039 917 4120; x_wconf 92' lang='lat' dir='ltr'>ponendum,</span> <span class='ocrx_word' id='word_1_426' title='bbox 975 4035 1153 4117; x_wconf 88' lang='lat' dir='ltr'>ponebatur</span> <span class='ocrx_word' id='word_1_427' title='bbox 1169 4054 1265 4116; x_wconf 90' lang='lat' dir='ltr'>supra</span> <span class='ocrx_word' id='word_1_428' title='bbox 1282 4034 1394 4097; x_wconf 88' lang='lat' dir='ltr'>tiaram</span> <span class='ocrx_word' id='word_1_429' title='bbox 1409 4034 1586 4116; x_wconf 74' lang='lat' dir='ltr'>prefatam,</span> <span class='ocrx_word' id='word_1_430' title='bbox 1607 4044 1639 4097; x_wconf 90' lang='lat' dir='ltr'>et</span> <span class='ocrx_word' id='word_1_431' title='bbox 1660 4034 1721 4098; x_wconf 93' lang='lat' dir='ltr'>cir-</span> 
     </span>
     <span class='ocr_line' id='line_1_37' title="bbox 167 4133 1722 4214; baseline 0.002 -21"><span class='ocrx_word' id='word_1_432' title='bbox 167 4145 206 4195; x_wconf 77' lang='lat' dir='ltr'>et</span> <span class='ocrx_word' id='word_1_433' title='bbox 219 4138 396 4197; x_wconf 78' lang='lat' dir='ltr'>sacerdotio</span> <span class='ocrx_word' id='word_1_434' title='bbox 411 4136 599 4214; x_wconf 64' lang='lat' dir='ltr'>taceantur</span> <span class='ocrx_word' id='word_1_435' title='bbox 613 4138 708 4197; x_wconf 79' lang='lat' dir='ltr'>milri.</span> <span class='ocrx_word' id='word_1_436' title='bbox 974 4134 1122 4197; x_wconf 88' lang='lat' dir='ltr'>cumdata</span> <span class='ocrx_word' id='word_1_437' title='bbox 1144 4133 1206 4195; x_wconf 90' lang='lat' dir='ltr'>fuit</span> <span class='ocrx_word' id='word_1_438' title='bbox 1227 4152 1323 4196; x_wconf 90' lang='lat' dir='ltr'>aureo</span> <span class='ocrx_word' id='word_1_439' title='bbox 1342 4133 1462 4196; x_wconf 80' lang='lat' dir='ltr'>oirbulo</span> <span class='ocrx_word' id='word_1_440' title='bbox 1483 4133 1585 4195; x_wconf 91' lang='lat' dir='ltr'>tribus</span> <span class='ocrx_word' id='word_1_441' title='bbox 1600 4134 1722 4197; x_wconf 92' lang='lat' dir='ltr'>ordini-</span> 
     </span>
     <span class='ocr_line' id='line_1_38' title="bbox 212 4230 1719 4315; baseline 0.001 -20"><span class='ocrx_word' id='word_1_442' title='bbox 212 4236 321 4295; x_wconf 78' lang='lat' dir='ltr'>Facies</span> <span class='ocrx_word' id='word_1_443' title='bbox 335 4244 365 4294; x_wconf 83' lang='lat' dir='ltr'>et</span> <span class='ocrx_word' id='word_1_444' title='bbox 379 4236 557 4311; x_wconf 77' lang='lat' dir='ltr'>feminalia</span> <span class='ocrx_word' id='word_1_445' title='bbox 573 4236 673 4303; x_wconf 80' lang='lat' dir='ltr'>tinea,</span> <span class='ocrx_word' id='word_1_446' title='bbox 689 4234 721 4296; x_wconf 94' lang='lat' dir='ltr'>id</span> <span class='ocrx_word' id='word_1_447' title='bbox 742 4243 790 4297; x_wconf 91' lang='grc' dir='ltr'>θεῖ</span> <span class='ocrx_word' id='word_1_448' title='bbox 806 4235 917 4299; x_wconf 89' lang='lat' dir='ltr'>bracas</span> <span class='ocrx_word' id='word_1_449' title='bbox 937 4246 958 4307; x_wconf 76' lang='lat' dir='ltr'>[J</span> <span class='ocrx_word' id='word_1_450' title='bbox 974 4234 1045 4309; x_wconf 91' lang='lat' dir='ltr'>bus,</span> <span class='ocrx_word' id='word_1_451' title='bbox 1062 4251 1268 4313; x_wconf 88' lang='lat' dir='ltr'>superquam</span> <span class='ocrx_word' id='word_1_452' title='bbox 1284 4232 1325 4294; x_wconf 88' lang='lat' dir='ltr'>ab</span> <span class='ocrx_word' id='word_1_453' title='bbox 1340 4230 1477 4314; x_wconf 86' lang='lat' dir='ltr'>occipite</span> <span class='ocrx_word' id='word_1_454' title='bbox 1496 4242 1586 4295; x_wconf 92' lang='lat' dir='ltr'>erant</span> <span class='ocrx_word' id='word_1_455' title='bbox 1601 4233 1719 4315; x_wconf 86' lang='lat' dir='ltr'>depicti</span> 
     </span>
     <span class='ocr_line' id='line_1_39' title="bbox 165 4330 1719 4416; baseline 0.001 -22"><span class='ocrx_word' id='word_1_456' title='bbox 165 4332 208 4394; x_wconf 94' lang='lat' dir='ltr'>de</span> <span class='ocrx_word' id='word_1_457' title='bbox 223 4333 330 4414; x_wconf 80' lang='lat' dir='ltr'>bysso,</span> <span class='ocrx_word' id='word_1_458' title='bbox 348 4351 418 4413; x_wconf 76' lang='lat' dir='ltr'>qua</span> <span class='ocrx_word' id='word_1_459' title='bbox 434 4340 465 4395; x_wconf 90' lang='lat' dir='ltr'>et</span> <span class='ocrx_word' id='word_1_460' title='bbox 481 4331 647 4395; x_wconf 87' lang='lat' dir='ltr'>femoralia</span> <span class='ocrx_word' id='word_1_461' title='bbox 668 4343 915 4416; x_wconf 80' lang='lat' dir='ltr'>nuncupantur3</span> <span class='ocrx_word' id='word_1_462' title='bbox 973 4331 1060 4393; x_wconf 91' lang='lat' dir='ltr'>aurei</span> <span class='ocrx_word' id='word_1_463' title='bbox 1089 4331 1185 4395; x_wconf 91' lang='lat' dir='ltr'>flores</span> <span class='ocrx_word' id='word_1_464' title='bbox 1207 4330 1385 4412; x_wconf 83' lang='lat' dir='ltr'>plantagini</span> <span class='ocrx_word' id='word_1_465' title='bbox 1411 4331 1543 4393; x_wconf 92' lang='lat' dir='ltr'>similes.</span> <span class='ocrx_word' id='word_1_466' title='bbox 1566 4331 1592 4393; x_wconf 93' lang='lat' dir='ltr'>A</span> <span class='ocrx_word' id='word_1_467' title='bbox 1613 4331 1719 4395; x_wconf 89' lang='lat' dir='ltr'>fronte</span> 
     </span>
     <span class='ocr_line' id='line_1_40' title="bbox 166 4429 1718 4514; baseline 0.001 -24"><span class='ocrx_word' id='word_1_468' title='bbox 166 4441 205 4490; x_wconf 82' lang='lat' dir='ltr'>ut</span> <span class='ocrx_word' id='word_1_469' title='bbox 220 4434 368 4509; x_wconf 81' lang='lat' dir='ltr'>operiant</span> <span class='ocrx_word' id='word_1_470' title='bbox 378 4452 509 4491; x_wconf 81' lang='lat' dir='ltr'>caraem</span> <span class='ocrx_word' id='word_1_471' title='bbox 522 4434 740 4508; x_wconf 78' lang='lat' dir='ltr'>turpitudinis</span> <span class='ocrx_word' id='word_1_472' title='bbox 754 4451 917 4514; x_wconf 79' lang='lat' dir='ltr'>sttoe.·quae</span> <span class='ocrx_word' id='word_1_473' title='bbox 972 4438 1078 4493; x_wconf 85' lang='lat' dir='ltr'>aulem</span> <span class='ocrx_word' id='word_1_474' title='bbox 1096 4430 1199 4493; x_wconf 84' lang='lat' dir='ltr'>stabat</span> <span class='ocrx_word' id='word_1_475' title='bbox 1215 4429 1276 4493; x_wconf 88' lang='lat' dir='ltr'>llos</span> <span class='ocrx_word' id='word_1_476' title='bbox 1291 4450 1406 4493; x_wconf 87' lang='lat' dir='ltr'>aureus</span> <span class='ocrx_word' id='word_1_477' title='bbox 1422 4429 1537 4492; x_wconf 89' lang='lat' dir='ltr'>similis</span> <span class='ocrx_word' id='word_1_478' title='bbox 1552 4430 1669 4493; x_wconf 73' lang='lat' dir='ltr'>herbae.</span> <span class='ocrx_word' id='word_1_479' title='bbox 1685 4431 1718 4492; x_wconf 92' lang='lat' dir='ltr'>ln</span> 
     </span>
    </p>
   </div>
   <div class='ocr_carea' id='block_1_5' title="bbox 53 4528 1719 4710">
    <p class='ocr_par' dir='ltr' id='par_1_5' title="bbox 53 4528 1719 4710">
     <span class='ocr_line' id='line_1_41' title="bbox 75 4528 1719 4613; baseline 0.001 -23"><span class='ocrx_word' id='word_1_480' title='bbox 75 4542 104 4581; x_wconf 72' lang='lat' dir='ltr'>&#39;or</span> <span class='ocrx_word' id='word_1_481' title='bbox 164 4528 337 4610; x_wconf 79' lang='lat' dir='ltr'>Apostolus</span> <span class='ocrx_word' id='word_1_482' title='bbox 348 4528 670 4611; x_wconf 88' lang='lat' dir='ltr'>inhonestaeorporis</span> <span class='ocrx_word' id='word_1_483' title='bbox 681 4530 918 4612; x_wconf 88' lang='lat' dir='ltr'>nominat,quia</span> <span class='ocrx_word' id='word_1_484' title='bbox 973 4530 1130 4611; x_wconf 93' lang='lat' dir='ltr'>superiori</span> <span class='ocrx_word' id='word_1_485' title='bbox 1146 4549 1221 4594; x_wconf 86' lang='lat' dir='ltr'>vero</span> <span class='ocrx_word' id='word_1_486' title='bbox 1237 4531 1307 4613; x_wconf 87' lang='lat' dir='ltr'>ejus</span> <span class='ocrx_word' id='word_1_487' title='bbox 1324 4529 1457 4611; x_wconf 88' lang='lat' dir='ltr'>planitie</span> <span class='ocrx_word' id='word_1_488' title='bbox 1471 4548 1509 4591; x_wconf 81' lang='lat' dir='ltr'>ex</span> <span class='ocrx_word' id='word_1_489' title='bbox 1524 4529 1612 4592; x_wconf 92' lang='lat' dir='ltr'>omni</span> <span class='ocrx_word' id='word_1_490' title='bbox 1629 4538 1719 4611; x_wconf 91' lang='lat' dir='ltr'>parte</span> 
     </span>
     <span class='ocr_line' id='line_1_42' title="bbox 53 4626 1718 4710; baseline 0.001 -21"><span class='ocrx_word' id='word_1_491' title='bbox 53 4633 59 4643; x_wconf 91' lang='lat'>&#39;</span> <span class='ocrx_word' id='word_1_492' title='bbox 166 4626 280 4689; x_wconf 90' lang='lat' dir='ltr'>inillis</span> <span class='ocrx_word' id='word_1_493' title='bbox 296 4636 402 4691; x_wconf 89' lang='lat' dir='ltr'>motus</span> <span class='ocrx_word' id='word_1_494' title='bbox 418 4626 581 4689; x_wconf 91' lang='lat' dir='ltr'>inhonesti</span> <span class='ocrx_word' id='word_1_495' title='bbox 597 4627 761 4690; x_wconf 89' lang='lat' dir='ltr'>molestius</span> <span class='ocrx_word' id='word_1_496' title='bbox 773 4628 916 4691; x_wconf 88' lang='lat' dir='ltr'>sentiun·</span> <span class='ocrx_word' id='word_1_497' title='bbox 973 4629 1005 4690; x_wconf 93' lang='lat' dir='ltr'>in</span> <span class='ocrx_word' id='word_1_498' title='bbox 1021 4629 1157 4691; x_wconf 84' lang='lat' dir='ltr'>circuitu</span> <span class='ocrx_word' id='word_1_499' title='bbox 1172 4630 1242 4710; x_wconf 92' lang='lat' dir='ltr'>ejus</span> <span class='ocrx_word' id='word_1_500' title='bbox 1263 4628 1418 4709; x_wconf 89' lang='lat' dir='ltr'>usquead</span> <span class='ocrx_word' id='word_1_501' title='bbox 1439 4627 1654 4691; x_wconf 88' lang='lat' dir='ltr'>summitatem</span> <span class='ocrx_word' id='word_1_502' title='bbox 1671 4629 1718 4710; x_wconf 95' lang='lat' dir='ltr'>ip-</span> 
     </span>
    </p>
   </div>
   <div class='ocr_carea' id='block_1_6' title="bbox 93 4723 1718 5397">
    <p class='ocr_par' dir='ltr' id='par_1_6' title="bbox 93 4723 1718 5104">
     <span class='ocr_line' id='line_1_43' title="bbox 164 4723 1718 4808; baseline 0.002 -22"><span class='ocrx_word' id='word_1_503' title='bbox 164 4733 231 4801; x_wconf 91' lang='lat' dir='ltr'>tur,</span> <span class='ocrx_word' id='word_1_504' title='bbox 249 4723 350 4788; x_wconf 88' lang='lat' dir='ltr'>fomes</span> <span class='ocrx_word' id='word_1_505' title='bbox 368 4724 497 4805; x_wconf 87' lang='lat' dir='ltr'>gravius</span> <span class='ocrx_word' id='word_1_506' title='bbox 518 4726 619 4801; x_wconf 77' lang='lat' dir='ltr'>stavit,</span> <span class='ocrx_word' id='word_1_507' title='bbox 637 4733 668 4787; x_wconf 88' lang='lat' dir='ltr'>et</span> <span class='ocrx_word' id='word_1_508' title='bbox 689 4726 790 4807; x_wconf 88' lang='lat' dir='ltr'>major</span> <span class='ocrx_word' id='word_1_509' title='bbox 806 4735 916 4790; x_wconf 89' lang='lat' dir='ltr'>contra</span> <span class='ocrx_word' id='word_1_510' title='bbox 972 4726 1048 4803; x_wconf 90' lang='lat' dir='ltr'>sius,</span> <span class='ocrx_word' id='word_1_511' title='bbox 1066 4746 1138 4808; x_wconf 82' lang='lat' dir='ltr'>quae</span> <span class='ocrx_word' id='word_1_512' title='bbox 1160 4728 1192 4788; x_wconf 92' lang='lat' dir='ltr'>in</span> <span class='ocrx_word' id='word_1_513' title='bbox 1214 4726 1436 4789; x_wconf 87' lang='lat' dir='ltr'>acutissimum</span> <span class='ocrx_word' id='word_1_514' title='bbox 1460 4727 1608 4789; x_wconf 89' lang='lat' dir='ltr'>tendebat</span> <span class='ocrx_word' id='word_1_515' title='bbox 1630 4746 1718 4789; x_wconf 87' lang='lat' dir='ltr'>cacu-</span> 
     </span>
     <span class='ocr_line' id='line_1_44' title="bbox 164 4822 1717 4906; baseline 0.003 -22"><span class='ocrx_word' id='word_1_516' title='bbox 164 4824 316 4906; x_wconf 90' lang='lat' dir='ltr'>spiritum</span> <span class='ocrx_word' id='word_1_517' title='bbox 333 4823 467 4887; x_wconf 88' lang='lat' dir='ltr'>rebellio</span> <span class='ocrx_word' id='word_1_518' title='bbox 483 4822 664 4898; x_wconf 89' lang='lat' dir='ltr'>invenitur;</span> <span class='ocrx_word' id='word_1_519' title='bbox 680 4846 701 4885; x_wconf 85' lang='lat' dir='ltr'>a</span> <span class='ocrx_word' id='word_1_520' title='bbox 716 4827 847 4885; x_wconf 75' lang='lat' dir='ltr'>recidua</span> <span class='ocrx_word' id='word_1_521' title='bbox 865 4848 916 4885; x_wconf 80' lang='lat' dir='ltr'>aa·</span> <span class='ocrx_word' id='word_1_522' title='bbox 971 4844 1055 4901; x_wconf 87' lang='lat' dir='ltr'>men,</span> <span class='ocrx_word' id='word_1_523' title='bbox 1074 4826 1199 4887; x_wconf 85' lang='lat' dir='ltr'>stabant</span> <span class='ocrx_word' id='word_1_524' title='bbox 1221 4824 1435 4906; x_wconf 89' lang='lat' dir='ltr'>particulatim</span> <span class='ocrx_word' id='word_1_525' title='bbox 1452 4843 1508 4906; x_wconf 90' lang='lat' dir='ltr'>per</span> <span class='ocrx_word' id='word_1_526' title='bbox 1533 4824 1602 4887; x_wconf 92' lang='lat' dir='ltr'>loca</span> <span class='ocrx_word' id='word_1_527' title='bbox 1622 4844 1717 4890; x_wconf 92' lang='lat' dir='ltr'>aurea</span> 
     </span>
     <span class='ocr_line' id='line_1_45' title="bbox 163 4921 1716 5005; baseline 0.004 -24"><span class='ocrx_word' id='word_1_528' title='bbox 163 4941 227 5001; x_wconf 79' lang='lat' dir='ltr'>que</span> <span class='ocrx_word' id='word_1_529' title='bbox 252 4926 296 4983; x_wconf 74' lang='lat' dir='ltr'>act</span> <span class='ocrx_word' id='word_1_530' title='bbox 319 4924 455 4999; x_wconf 77' lang='lat' dir='ltr'>femora.</span> <span class='ocrx_word' id='word_1_531' title='bbox 483 4921 586 4995; x_wconf 86' lang='lat' dir='ltr'>Quum</span> <span class='ocrx_word' id='word_1_532' title='bbox 614 4922 699 4985; x_wconf 90' lang='lat' dir='ltr'>enim</span> <span class='ocrx_word' id='word_1_533' title='bbox 729 4942 785 5005; x_wconf 92' lang='lat' dir='ltr'>per</span> <span class='ocrx_word' id='word_1_534' title='bbox 816 4925 914 5005; x_wconf 89' lang='lat' dir='ltr'>pedes</span> <span class='ocrx_word' id='word_1_535' title='bbox 971 4924 1186 5004; x_wconf 86' lang='lat' dir='ltr'>malogranata</span> <span class='ocrx_word' id='word_1_536' title='bbox 1208 4943 1281 4985; x_wconf 91' lang='lat' dir='ltr'>curn</span> <span class='ocrx_word' id='word_1_537' title='bbox 1305 4923 1444 5005; x_wconf 92' lang='lat' dir='ltr'>spinosis</span> <span class='ocrx_word' id='word_1_538' title='bbox 1462 4923 1716 4987; x_wconf 82' lang='lat' dir='ltr'>extremitatibus</span> 
     </span>
     <span class='ocr_line' id='line_1_46' title="bbox 93 5019 1716 5104; baseline 0.001 -21"><span class='ocrx_word' id='word_1_539' title='bbox 93 5074 97 5083; x_wconf 92' lang='lat'>.</span> <span class='ocrx_word' id='word_1_540' title='bbox 165 5020 375 5083; x_wconf 90' lang='lat' dir='ltr'>induerentur</span> <span class='ocrx_word' id='word_1_541' title='bbox 405 5019 571 5083; x_wconf 89' lang='lat' dir='ltr'>feminalia</span> <span class='ocrx_word' id='word_1_542' title='bbox 600 5022 671 5097; x_wconf 87' lang='lat' dir='ltr'>ista,</span> <span class='ocrx_word' id='word_1_543' title='bbox 699 5022 914 5084; x_wconf 88' lang='lat' dir='ltr'>ascendebant</span> <span class='ocrx_word' id='word_1_544' title='bbox 971 5020 1156 5084; x_wconf 86' lang='lat' dir='ltr'>fabrefacta.</span> <span class='ocrx_word' id='word_1_545' title='bbox 1175 5021 1276 5104; x_wconf 91' lang='lat' dir='ltr'>Supra</span> <span class='ocrx_word' id='word_1_546' title='bbox 1303 5020 1440 5084; x_wconf 90' lang='lat' dir='ltr'>frontem</span> <span class='ocrx_word' id='word_1_547' title='bbox 1457 5039 1533 5085; x_wconf 88' lang='lat' dir='ltr'>vero</span> <span class='ocrx_word' id='word_1_548' title='bbox 1556 5022 1716 5104; x_wconf 86' lang='lat' dir='ltr'>pendebat</span> 
     </span>
    </p>

    <p class='ocr_par' dir='ltr' id='par_1_7' title="bbox 124 5118 1715 5397">
     <span class='ocr_line' id='line_1_47' title="bbox 124 5118 1715 5203; baseline 0.003 -24"><span class='ocrx_word' id='word_1_549' title='bbox 124 5136 131 5151; x_wconf 95' lang='lat'>·</span> <span class='ocrx_word' id='word_1_550' title='bbox 164 5137 267 5198; x_wconf 89' lang='lat' dir='ltr'>usque</span> <span class='ocrx_word' id='word_1_551' title='bbox 291 5120 329 5181; x_wconf 89' lang='lat' dir='ltr'>ad</span> <span class='ocrx_word' id='word_1_552' title='bbox 357 5119 496 5195; x_wconf 76' lang='lat' dir='ltr'>lumboS,</span> <span class='ocrx_word' id='word_1_553' title='bbox 513 5126 545 5181; x_wconf 90' lang='lat' dir='ltr'>et</span> <span class='ocrx_word' id='word_1_554' title='bbox 570 5119 614 5180; x_wconf 92' lang='lat' dir='ltr'>ibi</span> <span class='ocrx_word' id='word_1_555' title='bbox 636 5118 762 5182; x_wconf 89' lang='lat' dir='ltr'>fortiter</span> <span class='ocrx_word' id='word_1_556' title='bbox 778 5120 914 5201; x_wconf 90' lang='lat' dir='ltr'>stringe·</span> <span class='ocrx_word' id='word_1_557' title='bbox 968 5139 1064 5183; x_wconf 89' lang='lat' dir='ltr'>aurea</span> <span class='ocrx_word' id='word_1_558' title='bbox 1078 5121 1216 5195; x_wconf 78' lang='lat' dir='ltr'>lamina,</span> <span class='ocrx_word' id='word_1_559' title='bbox 1235 5130 1328 5203; x_wconf 88' lang='lat' dir='ltr'>prout</span> <span class='ocrx_word' id='word_1_560' title='bbox 1343 5120 1489 5198; x_wconf 83' lang='lat' dir='ltr'>Magister</span> <span class='ocrx_word' id='word_1_561' title='bbox 1509 5120 1594 5183; x_wconf 88' lang='lat' dir='ltr'>istud</span> <span class='ocrx_word' id='word_1_562' title='bbox 1616 5119 1650 5182; x_wconf 95' lang='lat' dir='ltr'>in</span> <span class='ocrx_word' id='word_1_563' title='bbox 1666 5122 1715 5184; x_wconf 94' lang='lat' dir='ltr'>hi-</span> 
     </span>
     <span class='ocr_line' id='line_1_48' title="bbox 164 5216 1711 5301; baseline 0.001 -22"><span class='ocrx_word' id='word_1_564' title='bbox 164 5216 293 5293; x_wconf 87' lang='lat' dir='ltr'>bantur,</span> <span class='ocrx_word' id='word_1_565' title='bbox 310 5216 396 5279; x_wconf 89' lang='lat' dir='ltr'>iufra</span> <span class='ocrx_word' id='word_1_566' title='bbox 421 5227 527 5280; x_wconf 90' lang='lat' dir='ltr'>autem</span> <span class='ocrx_word' id='word_1_567' title='bbox 554 5217 778 5299; x_wconf 90' lang='lat' dir='ltr'>pertingebant</span> <span class='ocrx_word' id='word_1_568' title='bbox 801 5220 841 5280; x_wconf 89' lang='lat' dir='ltr'>ad</span> <span class='ocrx_word' id='word_1_569' title='bbox 868 5219 913 5283; x_wconf 90' lang='lat' dir='ltr'>fe·</span> <span class='ocrx_word' id='word_1_570' title='bbox 967 5218 1076 5281; x_wconf 88' lang='lat' dir='ltr'>storiis</span> <span class='ocrx_word' id='word_1_571' title='bbox 1100 5239 1137 5281; x_wconf 81' lang='lat' dir='ltr'>ex</span> <span class='ocrx_word' id='word_1_572' title='bbox 1157 5219 1294 5301; x_wconf 86' lang='lat' dir='ltr'>losepho</span> <span class='ocrx_word' id='word_1_573' title='bbox 1317 5226 1434 5296; x_wconf 90' lang='lat' dir='ltr'>narrat,</span> <span class='ocrx_word' id='word_1_574' title='bbox 1452 5218 1562 5281; x_wconf 85' lang='lat' dir='ltr'>Glossa</span> <span class='ocrx_word' id='word_1_575' title='bbox 1583 5238 1711 5301; x_wconf 91' lang='lat' dir='ltr'>quoque</span> 
     </span>
     <span class='ocr_line' id='line_1_49' title="bbox 165 5316 1120 5397; baseline 0.001 -20"><span class='ocrx_word' id='word_1_576' title='bbox 165 5332 266 5377; x_wconf 90' lang='lat' dir='ltr'>mora.</span> <span class='ocrx_word' id='word_1_577' title='bbox 293 5316 337 5379; x_wconf 81' lang='lat' dir='ltr'>Ex</span> <span class='ocrx_word' id='word_1_578' title='bbox 362 5316 470 5379; x_wconf 86' lang='lat' dir='ltr'>verbis</span> <span class='ocrx_word' id='word_1_579' title='bbox 499 5325 606 5379; x_wconf 90' lang='lat' dir='ltr'>autern</span> <span class='ocrx_word' id='word_1_580' title='bbox 637 5324 739 5381; x_wconf 85' lang='lat' dir='ltr'>textus</span> <span class='ocrx_word' id='word_1_581' title='bbox 765 5317 908 5397; x_wconf 90' lang='lat' dir='ltr'>elicitur,</span> <span class='ocrx_word' id='word_1_582' title='bbox 968 5338 1006 5382; x_wconf 85' lang='lat' dir='ltr'>ex</span> <span class='ocrx_word' id='word_1_583' title='bbox 1027 5317 1120 5380; x_wconf 89' lang='lat' dir='ltr'>Beda.</span> 
     </span>
    </p>
   </div>
   <div class='ocr_carea' id='block_1_7' title="bbox 0 0 2160 6259">
    <p class='ocr_par' dir='ltr' id='par_1_8' title="bbox 0 0 2160 6259">
     <span class='ocr_line' id='line_1_50' title="bbox 0 0 2160 6259; baseline 0 2"><span class='ocrx_word' id='word_1_584' title='bbox 0 0 2160 6259; x_wconf 95' lang='lat' dir='ltr'> </span> 
     </span>
    </p>
   </div>
  </div>
 </body>
</html>
