4309 6259
560 476 732 524 cnannxrro
753 478 783 523 ru
805 479 872 525 cnr.
897 478 907 523 ι
929 478 1162 531 nnurnnonornr.
1185 503 1225 514 —
1245 486 1316 533 aar.
1340 488 1351 533 1
1664 470 1723 535 tto

172 646 252 700 ante
282 639 468 707 missionem
502 647 750 729 exploratorum.
782 648 926 713 Secundo
941 650 965 713 Α
980 650 1051 714 odit
1071 670 1130 716 nos
1146 654 1308 733 Dominus,
1325 675 1425 738 quum
1442 665 1548 721 tamen
1568 666 1614 723 tot
1634 660 1725 739 signa

171 745 284 799 autem
300 739 357 802 diu
374 751 446 822 post
461 744 532 821 hoe,
545 745 668 809 scilicet
682 747 924 828 quadragesimo
980 750 1161 814 dilectionis
1190 754 1237 816 cis
1267 764 1483 818 monstrasset.
1515 756 1642 835 Quinto,
1669 778 1725 840 per

173 854 264 897 anno
280 846 352 918 post
373 840 492 911 exitum
509 844 548 905 de
563 844 706 927 AEgypto‚
725 847 852 927 quando
869 846 925 908 ihi·
980 849 1183 912 mendacium
1199 851 1426 933 perniciosum,
1439 854 1666 918 detractionem
1681 865 1726 919 at·

38 939 157 991 Sur-xxo-
173 932 251 995 dem
276 935 372 999 Maria
401 938 553 1003 defuncta
577 951 636 1019 est,
664 951 698 1005 ut
724 943 756 1005 in
781 944 925 1006 Numeris
980 964 1043 1027 que
1063 948 1305 1030 blasphemiam,
1322 969 1422 1032 quum
1442 951 1591 1016 dixerunt
1608 971 1615 1015 :
1632 954 1725 1017 Idcir-

172 1030 407 1113 scriptumest.
980 1063 1016 1106 co
1042 1046 1151 1108 eduxit
1177 1066 1233 1111 nos
1260 1056 1295 1109 ut
1322 1050 1469 1112 traderet.
1496 1050 1576 1113 Hinc
1603 1052 1636 1114 in
1662 1053 1725 1115 Nu-

214 1133 260 1191 Ει
285 1136 437 1195 notuistis
458 1142 627 1199 ascendere
649 1140 689 1201 ad
715 1148 829 1203 terram
854 1159 926 1222 pro
979 1162 1140 1206 merorum
1166 1145 1247 1209 libro
1273 1147 1426 1210 Dominus
1450 1148 1495 1210 ait
1519 1166 1526 1210 :
1552 1150 1723 1233 Usquequo
1751 1168 1868 1221 mm,

172 1228 342 1293 missionis
360 1249 367 1293 :
385 1252 457 1314 quas
472 1235 536 1297 situ
551 1237 645 1300 altior
661 1246 709 1300 est
726 1239 870 1320 AEgypto,
888 1258 924 1302 ao
979 1240 1124 1305 detrahet
1147 1243 1226 1306 mihi
1251 1245 1389 1327 populus
1419 1246 1479 1309 iste
1498 1250 1510 1309 t
1536 1247 1638 1326 Sexto,
1666 1268 1724 1330 per
1738 1232 1771 1273 ¹¹·

174 1326 368 1410 interposita
380 1350 503 1408 eremo;
515 1340 570 1395 sed
584 1338 749 1397 increduli
759 1340 803 1397 ad
811 1358 925 1397 sermo·
979 1337 1192 1403 inordinatam
1205 1351 1237 1404 et
1247 1343 1406 1405 carnalem
1422 1343 1637 1423 formidinem,
1648 1346 1723 1428 quie

173 1446 251 1486 nem
271 1430 408 1489 Domirn
427 1434 488 1491 Dei
507 1436 622 1503 nostri,
641 1434 698 1515 qui
721 1453 777 1516 per
799 1453 850 1497 me
871 1452 926 1497 ro-
980 1436 1128 1501 dicebant
1145 1457 1152 1502 :
1171 1440 1278 1503 Nuntii
1295 1449 1475 1504 terruerunt
1489 1443 1721 1526 nosscptimo,

173 1524 225 1586 bis
240 1524 390 1606 promisit
405 1536 521 1592 terram
535 1530 731 1614 illamatquc
745 1532 923 1609 victoriam,
980 1555 1036 1616 per
1062 1536 1296 1603 indurationem
1319 1548 1350 1603 et
1372 1540 1579 1622 pertinaciam
1602 1543 1723 1625 proprii

174 1628 410 1685 riturmurastis
432 1628 468 1686 in
493 1632 709 1691 tabernacutis
731 1633 856 1701 cestris,
878 1641 926 1691 ot·
980 1651 1103 1712 senem,
1116 1644 1151 1697 ut
1166 1636 1274 1698 statim
1290 1636 1504 1718 subjungitur.
1522 1637 1649 1717 Octavo,
1667 1659 1724 1721 per

172 1742 236 1801 qrte
251 1724 405 1784 dicistis:
418 1728 492 1786 Odit
507 1748 563 1787 nos
579 1731 748 1801 Dominus,
759 1740 789 1790 et
804 1732 924 1790 ideirco
980 1732 1110 1794 stultam
1125 1734 1302 1811 audaciam,
1314 1736 1389 1815 quia
1404 1744 1514 1797 contra
1530 1746 1723 1819 preceptum

171 1824 293 1881 ediscit
316 1843 372 1883 nos
393 1827 432 1883 de
453 1835 539 1886 terra
558 1830 710 1904 AEpypti,
730 1838 766 1889 ut
787 1831 925 1889 trotteret
943 1818 1093 1911 Bttoysis
1119 1841 1285 1913 coeperunt
1310 1834 1492 1914 procedere,
1521 1842 1556 1895 nt
1581 1835 1665 1898 inira
1690 1836 1723 1898 in

172 1921 211 1980 in
235 1942 375 1983 manum
395 1926 590 1995 Amorrhcei,
613 1924 644 1985 id
667 1933 715 1987 est
735 1926 927 1988 Chananaeo-
981 1927 1042 1990 isto
1061 1928 1196 1991 habetur
1215 1931 1366 2012 capitulo.

173 2036 248 2080 rum
266 2037 274 2082 ε
292 2038 430 2100 quorum
448 2040 511 2083 una
526 2038 605 2101 gens
623 2042 679 2085 seu
697 2024 783 2087 natio
800 2024 926 2086 diceba·
1036 2029 1138 2086 Filios
1164 2030 1304 2101 Enaeim
1328 2031 1471 2091 vidimus
1495 2033 1555 2092 ibi.
1582 2034 1624 2092 Et
1648 2034 1725 2091 (tici

173 2124 228 2178 tur
245 2118 385 2200 populus
398 2119 707 2199 Amorrhaeorum‚id
720 2131 767 2185 est
783 2131 874 2185 natus
887 2124 926 2186 de
981 2124 1067 2181 vodis
1083 2143 1094 2181 :
1116 2124 1224 2184 Nolite
1249 2134 1396 2193 metuere,
1415 2146 1472 2185 nec
1493 2128 1633 2186 timeatis
1651 2147 1725 2199 eos,·

49 2216 361 2281 oei.1,ts.Am0rrhae0
387 2217 457 2281 tilio
481 2219 628 2284 chanaan
652 2220 714 2283 filii
739 2222 847 2299 cham,
869 2222 926 2305 qui
980 2222 1141 2280 Dominus
1161 2241 1222 2299 pro
1245 2224 1331 2281 vobis
1349 2225 1521 2299 peccabit,
1541 2226 1625 2283 sieut
1645 2226 1723 2301 serit

175 2313 240 2377 luit
256 2314 347 2378 lilius
363 2316 439 2393 Noe,
452 2326 486 2380 ut
502 2319 535 2381 in
550 2319 664 2383 Genesi
681 2322 813 2402 legitur3
831 2333 925 2401 etque
980 2320 1016 2378 r'n
1035 2321 1175 2397 AEqypto
1190 2329 1220 2379 et
1237 2322 1272 2380 in
1286 2322 1474 2388 solitudine,
1489 2321 1618 2401 quando
1635 2321 1725 2384 hma-

172 2417 305 2475 ‹reret-ec.
334 2419 401 2485 Quo
425 2420 631 2479 ascertdemcs
648 2421 663 2479 i
686 2420 778 2500 quasi
803 2421 923 2497 dicant,
982 2415 1029 2479 lec
1044 2436 1101 2480 vos
1118 2417 1245 2493 invasit,
1258 2425 1289 2479 et
1303 2416 1560 2498 quandoPharao
1576 2438 1649 2480 cum
1664 2438 1723 2483 suo
1743 2438 1869 2493 necem,

174 2512 306 2575 Frustra
333 2514 577 2577 ascenderemus
607 2517 646 2578 ad
676 2525 791 2579 terrem
822 2517 923 2580 illam.
980 2515 1120 2576 exercitu
1145 2534 1203 2577 vos
1227 2514 1454 2595 insequebatur
1479 2514 1512 2576 in
1537 2516 1721 2595 solitudine,
1736 2504 1795 2546 ⁸⁴³·

175 2613 302 2673 n'onrii
319 2622 505 2675 terruerunt
519 2635 574 2674 cor
588 2625 746 2685 nostrum,
760 2617 899 2676 dieentes
914 2637 925 2675 .·
980 2609 1036 2671 ubi
1055 2611 1188 2691 angelus
1211 2610 1402 2691 interposuit
1423 2611 1541 2674 nubem
1564 2613 1647 2677 inter
1668 2634 1723 2678 VOS
1746 2636 1855 2691 Did-nv.

174 2713 329 2771 Maeimo
345 2712 520 2773 rnrtltitcdo
538 2723 583 2773 est
600 2712 813 2776 habitatorum
835 2722 925 2777 terrae
979 2717 1074 2788 atque
1087 2709 1260 2791 AEgyptios,
1272 2718 1306 2771 ut
1322 2709 1354 2769 iu
1371 2709 1478 2772 Exodo
1493 2711 1648 2792 scriptum
1664 2721 1722 2774 est.
1739 2702 1772 2743 ²⁰·

161 2808 356 2889 promissat,
368 2819 398 2869 ct
413 2810 502 2869 nobis
516 2820 642 2871 statura
652 2813 825 2888 procerior.
837 2811 926 2875 Unde
979 2808 1130 2867 Portavii
1151 2816 1179 2866 ie
1202 2809 1361 2868 D⁰mit²u⁸
1385 2810 1471 2867 Deus
1496 2818 1581 2880 ttius,
1606 2809 1639 2870 id
1663 2820 1722 2888 esi,

58 2917 163 2968 sumn
177 2906 210 2967 in
234 2906 383 2969 Numeris
405 2906 523 2969 dixisse
546 2906 756 2970 scribuntur:
779 2908 825 2972 lbi
846 2910 927 2973 vidi·
981 2904 1033 2986 pie
1058 2905 1222 2980 toleravit,
1247 2913 1278 2966 et
1302 2904 1444 2985 providit
1469 2904 1527 2967 tibi
1552 2907 1593 2968 de
1617 2926 1725 2971 neces-

45 2982 72 3021 ³⁴'
176 3025 249 3067 mus
275 3012 419 3068 monstra
440 3006 583 3085 quaedam
610 3004 752 3069 liliorum
777 3008 862 3071 Enac
886 3010 926 3071 de
943 3006 965 3069 C
981 3003 1085 3080 sartis,
1106 3024 1142 3066 ac
1164 3002 1312 3086 protexit,
1334 3013 1371 3063 ut
1391 3006 1468 3063 solet
1490 3005 1582 3064 homo
1600 3016 1725 3082 pestere
1835 3052 1838 3063 .

173 3121 294 3183 genere
314 3103 474 3183 giganteo,
494 3102 612 3184 quibus
632 3106 815 3187 comparati,
833 3106 925 3187 quasi
977 3106 1155 3179 parvulum
1168 3103 1280 3178 filium
1299 3121 1408 3172 suum,
1426 3103 1463 3160 in
1478 3104 1568 3162 Omni
1584 3104 1649 3175 via,
1664 3124 1725 3181 Per

174 3203 308 3265 locustae
325 3202 525 3265 videbamur.
549 3205 642 3263 Urbes
659 3224 783 3281 inopere
799 3214 874 3268 sunt
891 3206 924 3267 in
979 3220 1078 3279 quom
1105 3201 1280 3259 onibuiasti
1306 3201 1405 3259 donec
1430 3200 1582 3259 veniretis
1608 3204 1653 3261 ort
1679 3204 1724 3261 to-

175 3309 260 3363 terra
281 3300 347 3377 illa,
365 3310 395 3361 et
414 3303 458 3360 ad
477 3304 591 3361 eoelrtm
611 3322 710 3381 usque
729 3314 875 3375 rnurotcc,
893 3304 924 3367 id
979 3318 1053 3357 eccm
1075 3299 1189 3365 istum,
1204 3296 1327 3360 scilicet
1344 3296 1553 3374 Cadosbarne,
1573 3298 1627 3360 uhi
1642 3298 1725 3381 Moy-

174 3408 223 3463 est
238 3399 332 3463 valde
347 3398 428 3461 altos
444 3416 552 3461 muros
570 3398 734 3475 habentes,
752 3409 873 3463 erectos
891 3403 924 3464 in
980 3414 1030 3457 ses
1051 3394 1154 3476 primo
1176 3394 1310 3475 protulit
1325 3395 1422 3458 verbo
1442 3395 1512 3471 isla,
1529 3415 1598 3476 ΨΜ)
1615 3406 1725 3479 Ρθὸῑθθ

174 3498 259 3561 cralo
283 3515 387 3559 aereo.
410 3496 494 3557 lstud
519 3504 625 3559 tamen
646 3506 693 3559 est
717 3497 849 3560 verbum
871 3500 926 3581 hy·
980 3494 1013 3577 in
1038 3490 1271 3573 campestribus
1296 3492 1384 3554 lloab
1409 3493 1567 3575 repetivit.
1589 3495 1724 3558 Verum-

176 3594 388 3677 perbolieum,
412 3594 451 3655 ad
477 3592 705 3656 insinuandum
735 3595 925 3673 magnitudi-
980 3600 1097 3666 tamen,
1111 3588 1195 3651 sicut
1210 3588 1305 3657 homo
1321 3589 1491 3672 parvulum
1507 3589 1612 3652 lilium
1627 3611 1722 3673 quem

46 3706 162 3757 rimas.
178 3712 253 3756 nem
279 3692 336 3769 rei,
364 3691 447 3753 sicut
471 3691 551 3753 illud
578 3690 610 3752 in
635 3691 782 3754 Psalmo:
809 3692 926 3757 Ascon-
980 3706 1125 3752 amorose
1149 3695 1268 3769 portat,
1295 3687 1468 3769 aliquando
1492 3688 1624 3769 corrigit
1647 3691 1723 3753 dum

177 3794 260 3855 dunt
280 3791 436 3873 usquead
451 3790 598 3865 coelosct
614 3790 810 3853 descendunt
825 3813 925 3875 usque
980 3796 1129 3863 meretur,
1147 3786 1193 3848 sic
1213 3785 1365 3848 Dominus
1382 3795 1457 3848 ante
1472 3785 1657 3850 missionem
1672 3808 1725 3852 ex·

177 3894 216 3955 cd
232 3891 376 3973 abyssos.
389 3888 612 3951 Verumtamen
629 3888 662 3949 in
683 3887 765 3953 libro
780 3890 927 3957 Numero·
981 3888 1191 3969 ploratorum,
1219 3884 1378 3946 interdum
1405 3885 1543 3947 correxit
1569 3888 1724 3968 populum

55 4000 250 4055 ementium
266 3989 481 4070 exploratores
497 3986 615 4049 dixisse
630 3989 925 4054 narrantur:Urbes
981 3987 1072 4048 illum
1103 3982 1144 4048 ob
1174 4002 1248 4045 suos
1273 4001 1431 4059 excessus,
1457 3983 1608 4047 videlicet
1635 3986 1725 4069 juxta

45 4064 73 4105 ‘⁹'
178 4089 316 4170 grandes
338 4094 434 4167 atquc
454 4092 605 4147 muratas.
628 4085 688 4147 Sed
710 4086 762 4147 isti
784 4090 925 4169 perversi
980 4094 1121 4150 montem
1146 4082 1233 4146 Sinai
1259 4081 1314 4143 ubi
1339 4080 1476 4144 vitulum
1499 4084 1722 4163 adoraverunt,
1745 4116 1871 4169 Mum,

178 4186 275 4249 verba
295 4186 352 4249 illa
371 4192 639 4263 exaggeraverunt
661 4185 700 4246 ad
722 4185 925 4249 colorandam
942 4192 1011 4253 Det
1028 4192 1138 4267 postea
1160 4183 1193 4244 in
1215 4180 1372 4263 sepulcris
1392 4181 1676 4263 Concupiscentiae,
1692 4193 1725 4245 et
1739 4182 1827 4283 Ἢ..
1840 4254 1869 4291 n·

178 4304 267 4348 suem
284 4282 538 4367 perversitatem.
555 4282 635 4345 Ecce
652 4282 685 4344 in
700 4283 806 4346 verbis
822 4294 926 4349 osten·
980 4284 1108 4366 quando
1134 4301 1191 4364 pro
1217 4282 1325 4344 labore
1356 4279 1481 4341 itineris
1507 4300 1725 4372 murmurave—
1738 4306 1871 4356 sentim,

177 4382 265 4446 ditur
281 4399 398 4463 magna
414 4379 570 4443 vitiositas
586 4380 689 4462 plebis
706 4380 804 4443 illius.
821 4383 925 4448 Primo
981 4390 1064 4445 runt.
1077 4384 1121 4442 Et
1130 4401 1187 4441 ricc
1195 4382 1242 4439 sic
1251 4381 1383 4459 quidem
1393 4380 1576 4439 credidistis
1586 4384 1724 4443 Domino
1738 4368 1758 4410 ⁶·

177 4482 264 4545 enim
274 4485 490 4563 peccaverunt
500 4496 557 4559 per
568 4478 828 4557 inobedientiam,
838 4481 926 4562 quod
979 4486 1044 4544 Deo
1059 4489 1173 4550 cestro,
1185 4476 1216 4539 id
1233 4483 1291 4552 est,
1304 4495 1363 4539 nec
1379 4495 1435 4558 per
1450 4484 1538 4539 tanta
1553 4474 1721 4557 beneficia,

178 4588 307 4645 notatur
326 4596 428 4660 quum
450 4575 568 4639 dieitur
585 4594 592 4637 ε
610 4576 760 4639 Noluistis
780 4581 927 4643 ascende
980 4598 1038 4643 nec
1063 4596 1120 4659 per
1144 4574 1478 4640 commemorationem
1502 4593 1614 4638 eorum
1638 4595 1724 4641 nuno

178 4700 222 4743 re.
245 4677 405 4753 Secundo,
428 4693 485 4758 per
507 4674 773 4753 incredulitatem,
797 4687 926 4759 propter
980 4678 1131 4742 lactama
1152 4693 1213 4752 me,
1232 4693 1290 4737 nec
1305 4692 1362 4755 por
1379 4672 1560 4755 verbaque
1575 4693 1614 4737 ex
1635 4685 1725 4758 parte

177 4778 263 4861 quod
286 4776 409 4840 dictum
432 4782 480 4837 est
503 4790 509 4834 :
535 4772 595 4837 Sed
622 4773 778 4837 increduli
800 4776 840 4837 ad
863 4796 926 4839 ser·
981 4777 1035 4840 Dei
1060 4774 1155 4839 retuli
1176 4771 1427 4849 vobis,Domino
1451 4771 1643 4837 credidistis.
1665 4774 1725 4839 Ve-

178 4894 307 4941 monem
333 4873 470 4937 Domini.
495 4873 616 4947 Tertio,
645 4890 700 4953 per
724 4876 927 4937 murmurati·
982 4884 1160 4939 rumtamen
1180 4871 1428 4964 agnoscendum,
1445 4871 1531 4951 quod
1546 4871 1665 4955 lloyses
1689 4875 1724 4937 in

65 4983 284 5053 raianeonem,
311 4974 441 5053 deque
466 4970 499 5031 in
525 4970 670 5032 Numeris
697 4970 824 5052 plenius
850 4972 927 5055 legi·
980 4982 1046 5038 toto
1073 4973 1133 5036 hoc
1158 4990 1253 5054 passu
1281 4968 1423 5050 loquitur
1448 4968 1487 5031 de
1512 4976 1578 5033 toto
1605 4972 1725 5053 populo

48 5048 83 5089 Μ’
180 5084 240 5138 tur.
256 5074 337 5137 Nam
353 5090 392 5133 cx
407 5068 508 5131 nimia
521 5068 645 5130 malitia
661 5068 878 5150 ploraverunt,
895 5081 927 5135 et
982 5071 1148 5154 illo,quosi
1163 5071 1203 5132 de
1219 5087 1283 5131 una
1298 5066 1399 5143 turba,
1413 5066 1446 5127 in
1461 5086 1525 5149 qua
1539 5068 1658 5132 diversi
1673 5070 1727 5134 ho

179 5170 409 5236 murmurando
423 5167 591 5231 dixerunt:
604 5165 729 5228 Utinam
746 5185 925 5249 pereamus.
982 5172 1085 5233 mines
1107 5168 1323 5241 continentur,
1341 5164 1464 5228 scilicet
1481 5163 1559 5227 boni
1581 5176 1613 5229 et
1634 5168 1723 5245 mali,

179 5272 303 5347 Quarto,
313 5285 372 5351 per
381 5263 643 5345 ingratitudinem
654 5282 753 5345 quum
763 5263 924 5331 dixerunt:
982 5267 1098 5351 quibus
1113 5274 1145 5329 et
1159 5264 1286 5328 diversa
1305 5260 1531 5325 adscribuntur
1546 5283 1582 5327 ac
1600 5283 1725 5349 compe·

304 5400 338 5453 Τ.
355 5398 381 5450 2.
1571 5398 1605 5449 at
