4309 6259
521 513 695 559 manuario
716 514 747 558 tn
768 512 836 559 CAP.
860 511 921 557 XXV
942 510 1139 557 NUllEllOllUll.
1160 528 1200 540 -
1221 510 1291 557 altr.
1312 510 1374 556 xut

1659 490 1719 553 tte

170 684 382 761 infructuose,
392 686 432 748 ad
443 683 736 766 concupiscendum
752 682 873 764 inique,
881 682 919 745 ad
935 680 960 741 Α
976 680 1208 763 spiritualibus,
1221 682 1297 762 quia
1311 690 1342 743 et
1357 680 1519 763 principes
1534 679 1598 756 isti,
1610 679 1667 761 qui
1684 678 1718 741 in

169 784 330 863 agendum
348 782 559 866 pravissime:
578 783 641 845 imo
659 782 842 863 frequenter
860 782 919 844 viri

169 892 201 944 et
231 883 366 964 juvenes
395 883 502 947 vitiosi
528 883 567 945 ad
599 882 658 943 ista
683 890 714 943 et
739 881 919 944 consimilia

170 991 347 1064 provocant
363 981 513 1045 mulieres
529 990 560 1044 ct
575 980 919 1061 adolescentulas,qua·

169 1100 242 1141 rum
259 1079 459 1162 simplicitati
476 1088 507 1142 et
523 1079 724 1143 instabilitati
735 1078 919 1160 frequenter

169 1178 459 1261 multipliciterque
484 1178 633 1240 illudunt.
661 1178 767 1240 llutuo
791 1195 919 1259 quoque

168 1277 318 1339 alliciunt
334 1296 368 1339 se
384 1278 423 1339 ad
440 1277 560 1341 cultum
577 1278 721 1353 deorum,
734 1284 765 1339 ot
780 1277 819 1338 ad
835 1275 919 1339 idola

168 1376 344 1451 adoranda,
363 1376 422 1438 hoc
443 1384 490 1438 cst
509 1376 550 1437 ad
568 1374 750 1438 aversiones
770 1374 919 1437 mentisa

168 1470 246 1546 Deo,
274 1473 314 1533 ad
343 1471 587 1536 fornicationem
619 1472 816 1554 spiritualem
845 1491 917 1534 cum

54 1576 151 1620 ...ss
168 1568 313 1645 diabolo,
336 1571 375 1632 ad
400 1571 620 1633 inherendum
643 1572 797 1633 creaturis
819 1570 919 1651 magis

168 1687 267 1748 quam
291 1670 443 1747 Creatori,
463 1670 506 1733 ita
530 1672 617 1752 quod
642 1678 767 1752 turpem
792 1689 919 1733 carnem

168 1768 263 1848 quasi
283 1768 439 1831 Venerem
465 1769 581 1843 colant,
599 1777 631 1831 et
656 1789 821 1831 nummum
848 1770 920 1851 plus

977 780 1206 861 temporalibus
1227 780 1433 862 prefuerunt,
1449 779 1530 861 jussi
1552 787 1627 840 sunt
1648 796 1720 859 pro-

975 886 1045 960 pter
1060 879 1260 942 subditorum
1282 888 1412 961 peccata
1433 878 1596 961 suspendi.
1615 877 1719 939 Tertio

975 977 1127 1041 clucescit
1152 999 1190 1041 ex
1214 978 1275 1055 his,
1303 980 1388 1061 quod
1414 977 1614 1040 subditorum
1644 994 1718 1056 pec-

975 1083 1044 1139 cata
1068 1077 1314 1159 presidentibus
1339 1078 1547 1159 imputentur,
1574 1074 1636 1137 nisi
1662 1074 1718 1155 qui

975 1186 1117 1258 praesunt
1141 1195 1235 1239 omne
1260 1178 1309 1239 sui
1335 1175 1437 1239 oliicii
1465 1174 1607 1237 debitum
1633 1172 1720 1236 crhi-

975 1276 1106 1339 buerint
1126 1276 1187 1340 sibi
1210 1276 1400 1351 commissis,
1418 1273 1632 1348 informando,
1650 1272 1720 1333 hor·

976 1375 1083 1451 tando,
1093 1374 1306 1456 corripiendo,
1316 1374 1515 1455 corrigendo,
1526 1372 1657 1445 orando,
1670 1390 1720 1432 cu·

976 1474 1154 1550 stodiendo‚
1172 1474 1457 1555 exemplariterque
1480 1472 1627 1536 vivendo.
1644 1468 1719 1543 Ouis

976 1572 1072 1651 igitur
1095 1582 1143 1635 est
1163 1572 1219 1654 qui
1240 1573 1362 1654 appetit
1381 1570 1561 1653 presidere,
1580 1568 1643 1630 nisi
1663 1569 1717 1648 qui

977 1689 1039 1733 non
1052 1670 1165 1732 metuit
1181 1671 1213 1733 in
1227 1690 1341 1734 manus
1353 1669 1407 1733 Oei
1419 1668 1556 1732 viventis
1572 1666 1720 1743 incidere,

976 1788 1034 1831 neo
1051 1769 1220 1851 perpendit
1231 1788 1327 1850 quam
1340 1768 1548 1831 durissimum
1563 1766 1717 1847 judicium
1747 1784 1866 1841 sapato.

168 1874 384 1947 amentquam
396 1868 503 1945 Deum,
511 1868 639 1950 suisque
649 1867 921 1950 phantasmatibus
938 1869 962 1930 B
977 1868 1073 1929 instet
1098 1867 1264 1949 prelatisl
1287 1868 1359 1929 ldeo
1383 1866 1525 1947 loquitur
1547 1864 1717 1943 Origenes:

170 1960 269 2025 loedis
286 1963 318 2025 in
331 1964 476 2027 absentia
488 1964 797 2046 objectorum‚quasi
815 1964 919 2041 idolis,

170 2060 331 2125 infatuata
347 2063 526 2126 cohereant
542 2072 659 2125 mente.
673 2064 752 2126 Ecce
767 2064 806 2125 ad
822 2082 922 2145 quan-

172 2169 202 2222 ta
230 2160 309 2223 vitia
338 2160 431 2223 traxit
456 2161 626 2225 consilium
654 2161 843 2244 nequissimi
868 2162 923 2223 Ra-

174 2259 271 2337 laam,
288 2279 384 2341 quem
406 2260 572 2323 imitantur
591 2260 765 2323 consiliarii
788 2260 874 2337 mali,
891 2268 923 2322 et

170 2357 375 2440 copulatoros
400 2378 437 2421 ac
461 2358 674 2441 copulatrices
703 2358 919 2424 abominandi.

171 2457 347 2520 innotescit
371 2476 500 2539 quoque
526 2477 563 2520 cx
588 2458 650 2534 his,
677 2477 772 2539 quam
799 2457 923 2520 intense

153 2564 203 2617 ·et
236 2555 507 2637 periculosissime
532 2555 791 2638 concupiscentia
818 2556 922 2618 carnis

172 2654 331 2717 rationem
352 2653 549 2731 obtenebret,
567 2654 718 2737 quoniam
735 2655 774 2717 ad
793 2654 924 2717 idolola-

171 2754 268 2816 triam
292 2752 386 2815 traxit
402 2753 569 2816 israelitas.

977 1966 1043 2028 Non
1067 1974 1190 2027 tantum
1210 1984 1269 2048 pro
1288 1965 1354 2027 suis
1374 1973 1551 2046 arguuntur
1569 1962 1718 2045 peccatis,

977 2066 1032 2127 scd
1048 2082 1106 2146 pro
1124 2065 1243 2145 populo
1263 2064 1356 2127 etiam
1377 2063 1614 2145 compelluntur
1634 2061 1721 2143 prin·

977 2163 1063 2245 cipcs
1079 2170 1112 2224 et
1127 2162 1248 2244 prelati
1264 2163 1396 2225 reddere
1409 2161 1575 2237 rationem,
1586 2180 1626 2223 ne
1639 2159 1721 2222 lorte

979 2279 1041 2324 non
1057 2261 1235 2338 docuerint,
1246 2280 1310 2323 non
1326 2260 1494 2338 moverint,
1505 2277 1570 2322 non
1586 2257 1721 2321 sollicite

978 2360 1141 2441 arguerint
1156 2359 1276 2442 eosqui
1293 2360 1432 2441 primum
1448 2366 1671 2441 peccaverunt,
1681 2375 1722 2419 ne

978 2458 1124 2538 contagio
1135 2458 1371 2540 dispergeretur
1385 2457 1416 2519 iu
1429 2457 1574 2539 populos.
1586 2457 1619 2519 ln
1635 2456 1722 2537 ipsos

979 2576 1116 2639 namque
1136 2564 1340 2619 convertetur
1355 2556 1403 2618 ira
1417 2556 1483 2632 Oei,
1500 2564 1532 2618 et
1551 2553 1687 2618 cessabit
1703 2573 1722 2616 a

978 2655 1108 2738 populo.
1126 2656 1196 2718 llec
1218 2654 1243 2716 si
1266 2655 1412 2718 homines
1432 2654 1619 2735 cogitarent,
1637 2652 1722 2735 prin·

978 2755 1117 2837 cipatum
1133 2773 1197 2817 non
1214 2753 1383 2816 ambirent.
1394 2752 1523 2816 Sullicit
1534 2752 1651 2833 cuique
1664 2770 1722 2833 pro

50 2872 156 2918 ecee.
206 2854 430 2931 [oblatusque
439 2863 484 2913 est
494 2856 597 2913 Israel
605 2851 924 2930 BeetpbeporOuem-
978 2854 1116 2936 peccatis
1139 2852 1279 2935 propriis
1301 2852 1400 2932 argui,
1418 2860 1449 2913 et
1473 2852 1605 2914 reddero
1629 2850 1722 2914 ratio

171 2952 346 3014 admodum
367 2950 463 3014 horno
485 2970 541 3033 per
561 2951 694 3013 virtutes
710 2960 741 3013 et
755 2952 838 3014 dona
855 2950 924 3032 Spi·
978 2950 1152 3025 nem.Ouid
1169 2970 1298 3014 necesso
1313 2960 1439 3033 est‚pro
1457 2949 1594 3032 pcccatis
1610 2948 1721 3031 populi

172 3051 255 3113 ritus
278 3050 386 3113 Sancti
408 3049 574 3113 deiformis
596 3049 751 3127 eflicitur,
774 3059 805 3113 ct
833 3050 923 3131 juxta
938 3048 960 3112 C
977 3049 1130 3114 ostentari
1146 3057 1219 3111 ante
1235 3049 1345 3126 solem,
1363 3067 1469 3112 coram
1484 3065 1549 3130 quo
1565 3047 1645 3109 nibil
1667 3065 1722 3129 pe

172 3148 332 3231 principis
346 3149 569 3231 Apostolorum
591 3169 711 3212 sacram
732 3148 919 3225 doctrinam,
978 3158 1039 3212 test
1062 3148 1247 3211 abscondit
1269 3148 1340 3211 llec
1364 3148 1526 3226 Origenes.
1549 3147 1722 3209 Advertant

42 3271 156 3322 trecop,
173 3248 293 3311 divine
317 3248 461 3311 allicitur
485 3267 615 3313 consors
640 3256 780 3311 nature:
799 3248 842 3310 ita
866 3267 923 3329 per
977 3248 1044 3329 hec
1069 3247 1243 3323 ambitiosi,
1265 3248 1320 3328 qui
1344 3266 1441 3329 quum
1465 3245 1722 3310 non-sulliciant

173 3348 341 3428 passiones
357 3356 389 3410 ct
404 3346 481 3411 vitia
502 3366 565 3410 non
583 3347 694 3410 bestiis
716 3354 848 3423 tantum,
866 3347 920 3407 sed
976 3348 1137 3410 custodire
1152 3356 1184 3409 et
1201 3365 1308 3425 regere
1322 3346 1570 3428 semetipsos,ad
1585 3345 1719 3408 aliorum

171 3445 374 3509 demonibus
384 3463 512 3528 quoquc
522 3446 728 3519 assimilatum
743 3454 850 3527 totquc
863 3445 922 3507 de
976 3444 1141 3527 adspirant
1156 3447 1317 3521 ducatum,
1334 3444 1423 3507 omni
1443 3443 1638 3525 insipientia,
1656 3442 1722 3505 imo

170 3544 324 3607 monibus
341 3544 486 3606 initiatur
505 3553 536 3607 et
553 3544 765 3626 mancipatur,
782 3552 860 3625 quot
875 3542 922 3605 vi·
977 3544 1102 3607 insania
1117 3544 1233 3607 mentis
1254 3543 1380 3626 repleti,
1401 3543 1668 3625 quemadmodum
1687 3540 1720 3602 in

172 3643 290 3706 tiorum
309 3642 477 3724 speciebus
492 3642 662 3724 subjicitur
677 3651 708 3704 et
723 3642 873 3705 ledatur.
889 3642 919 3705 Si
975 3642 1155 3706 Proverbiis
1165 3643 1313 3704 Salomon
1325 3642 1637 3724 protestat-urzllomo
1647 3640 1723 3702 stul·
1751 3663 1868 3714 emen-n,

168 3742 338 3804 acediosus
350 3760 396 3817 es,
409 3741 435 3803 si
450 3741 533 3821 gule
549 3741 737 3815 deservis,si
749 3740 920 3803 iracundie
976 3750 1027 3803 tus
1053 3742 1177 3823 plaudit
1201 3741 1361 3815 manibus,
1388 3760 1487 3822 quum
1513 3738 1722 3821 spoponderit
1739 3730 1770 3768 ¹⁸·

169 3839 298 3903 lacibus
316 3839 540 3916 inflammaris,
555 3848 610 3901 aut
626 3838 848 3902 consimilibus
866 3840 921 3902 ob
976 3858 1033 3922 pro
1058 3840 1162 3902 amico
1182 3858 1249 3901 suo.
1274 3841 1440 3919 itemque:
1464 3838 1532 3901 Noli
1554 3858 1623 3900 csse
1647 3855 1720 3900 cum
1755 3859 1868 3910 ravam..

170 3938 287 4001 noxius
312 3958 346 3999 es
374 3938 523 4020 peccatis,
550 3937 629 4001 scito
654 3938 729 4019 quia
755 3937 920 4020 spiritibus
976 3938 1026 4000 his
1042 3938 1099 4019 qui
1115 3937 1260 4017 deligunt
1281 3957 1396 4000 manus
1416 3957 1500 4013 suas,
1519 3945 1551 3999 et
1570 3937 1667 3999 vades
1687 3955 1721 3999 se
1736 3925 1770 3966 ²⁶¹

171 4036 427 4117 malignissimis,
446 4036 558 4118 quide
577 4036 627 4098 his
643 4035 729 4099 vitiis
747 4036 921 4098 sollicitant

170 4135 332 4212 homines,
345 4156 379 4199 cs
394 4144 608 4199 consecratus.
626 4134 815 4211 Quocontra,
829 4142 863 4195 ut
878 4134 921 4196 lo-

975 4037 1120 4100 oilerunt
1135 4056 1192 4119 pro
1208 4036 1336 4100 debitis.

1016 4140 1096 4197 Eece
1119 4158 1205 4197 uatus
1225 4141 1265 4197 de
1285 4138 1367 4214 filiis
1386 4140 1489 4197 Israel
1514 4137 1653 4196 intrauit
1673 4154 1722 4193 co-

170 4235 283 4315 quitur
303 4233 467 4314 Origenes,
483 4234 573 4296 adest
593 4234 767 4316 unicuique
788 4233 920 4313 angelus
935 4233 959 4293 D
975 4256 1048 4295 rom
1063 4238 1225 4314 fratribus
1247 4239 1315 4296 suis
1336 4239 1381 4296 <nt
1401 4246 1540 4296 scortum
1557 4235 1722 4295 Modiam·-

171 4334 288 4409 bonus,
306 4332 363 4414 qui
382 4342 479 4412 regat,
498 4342 634 4409 moveat,
652 4334 706 4413 qui
723 4351 780 4414 pro
803 4331 921 4394 nostris

172 4430 298 4494 actibus
319 4430 516 4511 corrigendis
537 4440 568 4493 et
590 4430 848 4494 miserationibus
869 4450 921 4493 cx-

172 4530 354 4611 poscendis,
366 4529 472 4591 videat
488 4538 518 4591 et
534 4537 640 4592 exoret
652 4528 764 4592 taciem
782 4528 918 4592 Domini.

213 4632 256 4691 Er
273 4630 378 4689 iratus
389 4630 561 4699 Dominus,
570 4632 618 4689 ait
633 4632 677 4688 ad
688 4632 840 4705 Moysen:
855 4632 921 4690 Tol-

172 4732 201 4787 lc
226 4738 356 4787 cunctos
377 4729 545 4806 principes
566 4731 693 4806 popeb',
709 4737 739 4787 et
763 4731 921 4806 suspende

168 4849 219 4887 ecs
238 4838 351 4887 corrtra
368 4832 465 4887 solem
483 4830 518 4887 ba
530 4830 699 4904 patibulis.
717 4828 761 4889 Ex
785 4826 836 4889 bis
858 4828 922 4909 pri-

170 4945 223 4989 mo
251 4926 453 5002 instruimur,
470 4943 566 5007 quam
587 4926 696 5006 grevia
716 4927 836 4989 scelera
856 4926 921 4988 sint

170 5024 343 5087 fornicatio
359 5033 391 5086 et
408 5023 597 5101 idololatria,
611 5044 681 5106 que
698 5024 777 5086 Oeus
793 5034 856 5087 tam
873 5044 921 5088 cc-

171 5122 281 5186 lcriter
301 5132 430 5203 tamque
446 5122 632 5185 terribiliter
648 5123 754 5204 puniri
772 5143 844 5188 mox
858 5124 921 5204 jus·

171 5222 223 5283 sit.
252 5221 373 5284 Rursus
398 5229 584 5283 constater
610 5220 689 5297 istis,
713 5241 808 5302 quam
836 5222 920 5303 peri·

170 5319 411 5384 culosissimum
437 5318 477 5380 sit
505 5337 651 5401 preesse,
680 5321 855 5401 presertim
886 5321 919 5383 in

978 4336 1090 4404 tidem,
1108 4338 1234 4395 or'dente
1250 4340 1359 4412 Mopse
1379 4345 1409 4396 et
1428 4336 1519 4395 omni
1535 4338 1648 4396 Israel.
1665 4333 1722 4395 Per

976 4432 1081 4495 virum
1098 4432 1200 4509 illum,
1218 4433 1274 4514 qui
1295 4442 1327 4496 ct
1347 4433 1496 4515 princeps
1518 4432 1577 4494 luit
1600 4432 1632 4493 in
1653 4450 1722 4513 pro

976 4532 1069 4613 genie
1085 4532 1253 4606 Simeonis,
1272 4532 1496 4612 intelliguntur
1514 4531 1653 4594 universi
1677 4550 1722 4594 re·

976 4631 1087 4707 belles,
1116 4630 1202 4705 elati,
1230 4630 1476 4709 incorrigibiles,
1504 4630 1659 4693 habituali
1688 4630 1720 4691 in

976 4730 1074 4807 vitiis,
1086 4729 1141 4811 qui
1158 4729 1227 4793 sinc
1243 4730 1434 4793 verecundia
1450 4729 1722 4811 peccant,quibus

977 4827 1060 4891 lacta
1084 4837 1133 4891 est
1158 4827 1247 4891 lrons
1272 4826 1468 4891 meretricis:
1486 4837 1616 4909 propter
1635 4828 1721 4910 quod
1748 4843 1860 4893 terena.

975 4928 1163 4991 crubescere
1179 4927 1302 5003 nolunt,
1314 4928 1368 4990 sed
1381 4926 1595 4990 characterem
1612 4927 1722 4991 bestie
1751 4952 1868 5008 Apocmr,

974 5035 1100 5106 gestant
1125 5026 1157 5087 in
1182 5025 1340 5088 frontibus
1365 5026 1441 5087 suis
1465 5026 1503 5087 Et
1529 5026 1610 5088 heu!
1627 5027 1721 5089 modo
1737 5020 1757 5059 ²·

975 5133 1050 5186 sunt
1066 5124 1158 5186 multi
1176 5124 1253 5186 tales
1268 5144 1305 5185 ex
1320 5124 1558 5205 presidentium
1576 5144 1718 5201 numero,

975 5222 1093 5305 quihus
1114 5222 1243 5303 propria
1263 5222 1410 5285 voluntas
1432 5231 1480 5284 est
1503 5222 1563 5299 len,
1581 5231 1613 5285 et
1635 5231 1720 5303 pote

977 5329 1056 5383 state
1072 5340 1130 5403 pro
1145 5320 1295 5401 equitate
1310 5328 1453 5382 utuntur.
