4309 6259
540 522 713 569 aurumne
736 523 765 569 ru
787 525 856 569 cnr.
880 524 942 570 xxv
963 524 1160 573 nuuaaonuu.
1182 545 1222 554 -
1243 526 1313 571 aar.
1337 526 1386 571 ru
1675 508 1730 569 l7l

181 690 347 754 nitionum
369 692 567 757 armaverint
588 712 632 771 se,
652 694 696 755 nil
719 696 861 776 proderit
876 695 932 773 eiS,
950 697 974 757 A
990 696 1152 759 multoties
1174 707 1222 761 est
1244 698 1491 761 instrumentum
1512 698 1629 762 divinae
1644 698 1735 778 justi·

181 791 264 871 quia
286 791 393 854 subito
414 811 479 854 una
500 792 577 856 hora
598 792 706 856 veniet
725 795 803 857 hora
821 794 934 875 judicii
991 795 1041 858 tiae
1061 797 1100 858 ad
1122 796 1322 878 puniendum
1343 806 1472 880 peccata
1492 797 1634 874 alterius,
1652 797 1735 860 sicut
1786 852 1789 857 .

68 906 163 954 aar.
181 909 310 966 eorum,
333 909 398 972 qua
428 900 573 972 potentes
604 902 750 974 potenter
779 902 935 956 tormenta
989 913 1046 975 per
1061 894 1170 957 Persas
1186 905 1218 958 et
1229 896 1332 958 lledos
1349 896 1475 978 punivit
1491 895 1734 977 impietateshs·
1749 914 1879 969 nantas.

181 990 360 1071 patientur,
376 998 408 1051 ct
424 989 581 1067 ignobiles
596 1010 666 1053 csse
681 1001 851 1055 cernentur
868 993 936 1074 qui·
990 992 1148 1074 syriorum
1169 1002 1200 1055 et
1215 994 1445 1069 chaldeorum,
1464 1014 1520 1075 per
1534 995 1657 1057 Graecos
1679 1014 1735 1056 au-

181 1106 326 1169 cumque
342 1088 396 1151 Dei
411 1096 675 1170 contempserunt
689 1099 857 1173 precepta,
875 1092 934 1154 hoc
990 1100 1054 1155 tent
1069 1092 1196 1174 punivit
1211 1093 1320 1156 Persas
1336 1103 1367 1155 et
1382 1094 1496 1170 Medos,
1509 1112 1566 1175 per
1576 1093 1733 1155 Romanos

180 1194 246 1263 ost,
276 1186 331 1267 qui
357 1206 422 1249 non
447 1196 639 1251 curaverunt
668 1208 725 1251 nec
753 1198 935 1270 sategerunt
989 1210 1063 1255 varo
1089 1191 1347 1272 dejecitGraacos
1371 1200 1549 1255 acceleras
1575 1192 1730 1254 nationes

179 1284 317 1347 obedire
328 1284 774 1367 proprioCreatori.Bcniquc
786 1288 864 1351 tales
881 1308 934 1351 sse·
989 1289 1109 1352 idcirco
1131 1308 1187 1371 per
1210 1290 1321 1353 isaiam
1343 1291 1387 1354 ait
1408 1292 1448 1353 ad
1470 1308 1576 1370 regem
1593 1290 1734 1372 Assyrio

179 1383 335 1465 peasibi
351 1382 513 1446 similibus
528 1392 559 1445 et
576 1384 809 1465 potentioribus
826 1385 859 1447 in
876 1386 934 1447 hac
989 1405 1081 1449 rum:
1099 1387 1152 1450 Vae
1167 1388 1275 1465 Assur,
1292 1389 1380 1470 virga
1403 1388 1520 1454 luroris
1543 1388 1605 1451 mci
1625 1398 1658 1451 et
1679 1388 1734 1451 ba·
1768 1407 1856 1458 aaa.

179 1482 253 1545 vita
278 1482 484 1565 dejiciuntur,
511 1482 587 1563 quia
613 1492 644 1545 ct
670 1503 753 1547 unus
781 1484 933 1566 reprobus
989 1486 1081 1549 culus
1097 1486 1238 1567 ipseest.

736 1913 1058 1999 ARTIGULUS
1096 1916 1193 1999 XLI

204 2188 366 2235 Exucsutc
389 2188 563 2233 ultraneus
584 2162 722 2233 CsiPl'l'Uld
745 2187 874 2233 VlGESlllss
896 2188 997 2242 QUINTI
1020 2189 1027 2233 :
1052 2187 1238 2235 MORABATUR
1259 2190 1362 2237 AUTEH
1383 2191 1490 2237 tsnaat
1511 2190 1548 2237 EO
1568 2191 1718 2237 amona.

251 2468 438 2533 FFECTUS
450 2466 661 2549 iniquissima
673 2466 884 2547 suggestionis
895 2486 937 2529 re
954 2466 977 2527 Β
993 2486 1057 2531 non
1083 2468 1195 2532 scribit
1221 2473 1305 2551 quod
1331 2472 1421 2533 Balac
1446 2470 1603 2553 pugnavit
1624 2479 1737 2536 contra

262 2567 359 2649 probi
384 2568 522 2644 Balaam,
549 2567 610 2630 hoc
637 2566 706 2630 loco
731 2565 932 2630 describitur.
992 2565 1078 2631 lilios
1094 2568 1189 2632 lsrael
1206 2568 1317 2632 saltem
1333 2588 1430 2632 manu
1443 2578 1574 2633 armata.
1586 2570 1735 2653 Hierony-

182 2669 379 2729 Merebatur
399 2677 508 2731 autem
528 2670 632 2729 Israel
651 2687 685 2726 ao
707 2677 856 2743 tempore,
871 2683 936 2746 quo
991 2686 1062 2729 mus
1084 2686 1159 2732 vero
1179 2668 1267 2745 dicit,
1284 2669 1370 2749 quod
1392 2667 1541 2751 perduxit
1562 2670 1734 2732 exercitum

183 2766 311 2831 [iebant
325 2785 398 2848 qua
414 2765 448 2827 in
469 2764 661 2848 precedenti
682 2764 866 2828 scribuntur
885 2783 936 2826 ca·
991 2774 1101 2829 contra
1112 2766 1269 2829 Hebraeos.
1278 2767 1368 2829 Unde
1379 2766 1516 2845 elicitur,
1525 2769 1611 2849 quod
1625 2769 1665 2831 ad
1680 2788 1738 2850 pu-,

183 2866 301 2948 pitulo,
320 2867 358 2925 ia
375 2866 491 2935 aerim,
508 2864 540 2929 id
556 2864 651 2927 estin
669 2863 738 2926 loco
754 2862 871 2926 deserti
889 2861 936 2926 sic
991 2866 1154 2946 gnandum
1174 2884 1208 2928 se
1228 2866 1428 2948 preparavit.

182 2963 349 3047 appellato
365 2962 533 3026 arboribus
549 2962 683 3039 consito,
701 2961 757 3044 qui
778 2971 809 3025 et
825 2970 936 3025 contra
1031 2964 1150 3046 ltaque,
1168 2964 1251 3026 sicut
1265 2972 1297 3027 et
1311 2963 1345 3025 in
1362 2964 1556 3028 Scholastica
1572 2965 1673 3027 fertur
1688 2966 1737 3028 hi·

184 3064 264 3127 solis
291 3062 419 3127 valebat
444 3062 589 3124 ardorem
608 3086 615 3135 3
633 3072 663 3121 et
686 3063 868 3138 fornicatos
892 3073 936 3123 est
992 3062 1115 3125 storia:
1139 3062 1240 3136 Quum
1262 3062 1387 3125 Balaam
1410 3062 1444 3124 in
1468 3061 1589 3125 linibus
1613 3063 1738 3126 Madian

180 3167 328 3242 populus
338 3161 433 3224 lsrael
450 3182 524 3221 cum
538 3163 671 3238 filiabus
683 3163 787 3222 Moab.
797 3160 937 3234 Qualiter
993 3161 1184 3225 valediceret
1198 3161 1290 3223 Balac
1305 3169 1336 3224 et
1351 3160 1552 3243 principibus
1567 3162 1649 3243 ejus,
1662 3181 1736 3225 con-

187 3260 311 3325 iactum
327 3259 370 3321 sit
384 3258 482 3335 istud,
499 3258 618 3341 Moyses
638 3258 787 3322 brevitati
808 3259 937 3321 studens
992 3260 1092 3323 suluit
1112 3268 1146 3321 ut
1166 3260 1329 3323 mitterent
1343 3259 1484 3341 virgines
1510 3260 1645 3338 nobileS,
1667 3262 1737 3343 pul-

188 3360 222 3421 in
239 3358 436 3440 quibusdam
455 3357 609 3434 historin,
626 3358 687 3421 hoc
710 3358 780 3421 loco
803 3376 867 3419 non
888 3377 938 3421 ex·
993 3359 1096 3435 chraS,
1118 3366 1256 3435 ornatas,
1273 3377 1409 3439 quarum
1426 3358 1533 3440 specie
1550 3358 1611 3421 lilii
1628 3360 1735 3437 lsrael,-

56 3474 171 3523 ήκω,
187 3456 379 3540 primit,scd
397 3456 481 3518 inira
496 3456 557 3519 ait:
569 3456 632 3519 Cur
648 3455 784 3519 laminas
800 3474 939 3519 reserva·
993 3457 1033 3519 ad
1054 3454 1195 3520 carnalia
1215 3456 1319 3538 proni,
1336 3457 1606 3535 accenderentur3
1623 3477 1737 3540 quum-

62 3540 78 3579 ³'‘
188 3556 391 3619 stistNonne
403 3555 470 3618 ista
482 3564 636 3637 suntque
647 3556 840 3637 deceperunt
852 3554 939 3618 lilios
993 3574 1055 3636 que
1089 3574 1163 3616 cum
1193 3554 1343 3618 encaeniis
1375 3575 1431 3619 seu
1462 3557 1621 3620 mercibus
1652 3556 1737 3620 circa

187 3655 286 3719 lsrael
303 3655 342 3717 ad
359 3654 596 3735 suggestionem
612 3654 748 3731 Balaam,
766 3662 798 3716 et
820 3673 940 3735 praeva-
955 3650 976 3712 C
994 3652 1130 3717 tentoria
1159 3653 1252 3715 lsrael
1281 3654 1520 3730 convenissent,
1547 3654 1736 3718 invitarent-

189 3754 286 3818 ricari
304 3773 361 3819 vos
380 3754 525 3817 iecerunt
544 3772 640 3835 super
660 3760 788 3834 peccato
803 3753 936 3833 Phogor,
994 3771 1057 3833 que
1071 3750 1229 3814 israelitas
1249 3752 1287 3813 ad
1308 3751 1357 3812 sui
1378 3770 1540 3814 accessum
1556 3760 1588 3814 et
1603 3752 1737 3834 emptio-

168 3908 170 3911 .
188 3855 324 3917 undeet
341 3872 510 3935 percussus
526 3861 574 3915 cst
590 3852 750 3934 populusl
766 3853 809 3915 Be
829 3852 887 3914 hac
905 3871 939 3915 rc
994 3869 1078 3926 nem,
1096 3849 1265 3912 dcindead
1281 3848 1550 3926 commixtionem,
1561 3849 1737 3912 inflamma·

191 3952 224 4015 in
242 3952 355 4015 multis
371 3951 542 4033 Scriptura
562 3950 641 4013 locis
659 3950 698 4012 l'it
713 3950 844 4013 mentio.
862 3950 938 4035 Nam
995 3948 1035 4010 tis
1050 3966 1125 4010 vero
1142 3946 1221 4009 liliis
1238 3947 1332 4010 lsrael
1354 3965 1417 4011 non
1439 3946 1678 4028 acquiescerent
1696 3948 1737 4010 ad

52 4066 175 4115 tecnas.
189 4061 221 4115 ot
234 4052 267 4113 in
280 4050 471 4132 Apocalypsi
489 4048 572 4111 istud
588 4049 730 4131 apertius
741 4048 873 4130 legitur:
887 4049 940 4110 Ba·
994 4046 1141 4128 copulam
1165 4045 1293 4123 loedam,
1313 4044 1377 4107 nisi
1398 4045 1487 4127 prius
1510 4046 1549 4108 de
1569 4044 1738 4109 sacrificiis

190 4150 276 4212 laam
293 4147 428 4211 docebat
442 4147 534 4210 Balao
550 4147 676 4210 mittere
691 4148 875 4210 scandalum
891 4166 940 4211 co·
994 4145 1124 4208 deorum
1148 4164 1257 4207 earum
1279 4144 1492 4221 comederent,
1509 4162 1546 4206 ac
1565 4143 1650 4208 idola
1665 4144 1738 4207 ado-

190 4268 259 4311 ram
277 4246 357 4309 liliis
378 4244 484 4322 lsrael,
503 4246 645 4308 adereat
665 4244 827 4308 fornicari.
844 4245 939 4307 Judas
995 4252 1101 4306 rarent
1119 4260 1126 4304 :
1143 4244 1229 4325 quod
1249 4251 1349 4305 totum
1367 4242 1412 4304 sic
1430 4240 1625 4319 factumest,
1643 4242 1739 4323 idque

189 4365 323 4428 quoquc
348 4344 511 4426 apostolus
536 4343 570 4405 in
597 4362 654 4405 sua
678 4343 837 4406 canonica
864 4344 940 4406 scri·
994 4342 1156 4406 consuluit
1177 4341 1313 4417 Balaam,
1330 4349 1488 4423 quatenus
1505 4343 1568 4405 Beo
1587 4341 1738 4405 Israelitis

62 4458 117 4502 aar:
129 4464 160 4503 n.
190 4446 276 4529 psit:
295 4444 349 4507 Vra
365 4443 501 4524 illisqui
522 4459 629 4505 errore
645 4442 781 4519 Balaam,
795 4442 939 4505 mercede
996 4441 1086 4518 irato,
1104 4440 1358 4504 devincerentur.
1375 4440 1438 4503 Bao
1458 4460 1595 4521 namque
1615 4440 1672 4518 eis,
1690 4442 1738 4504 in·

190 4544 291 4607 effusi
311 4551 397 4605 sunt.
416 4542 559 4622 Benique
581 4561 637 4623 per
657 4541 816 4604 Michaeam
841 4541 940 4622 loqui·
994 4540 1075 4622 quit,
1094 4538 1243 4621 propitio,
1262 4557 1320 4601 nec
1335 4538 1430 4615 bella,
1443 4557 1501 4602 nec
1516 4538 1615 4620 pestis
1629 4540 1738 4622 aliqua

54 4655 176 4710 uanas.
191 4653 244 4708 tar
269 4640 450 4704 Dominus:
475 4640 613 4721 Populus
638 4659 739 4716 maus,
766 4647 937 4718 memento,
994 4656 1048 4702 eos
1068 4655 1272 4719 corrumpere
1292 4636 1420 4718 poterit.

190 4738 400 4823 qrrreso,quid
411 4738 598 4819 cogitaverit
613 4747 724 4801 contra
740 4746 769 4801 te
780 4738 870 4801 Balac
885 4759 939 4802 rex
1022 4736 1113 4799 llinc
1134 4735 1241 4816 itaque
1257 4735 1394 4797 dicitur:
1412 4736 1596 4799 Fornicatus
1616 4745 1664 4800 est
1682 4757 1738 4820 po-

191 4839 292 4916 llloab,
310 4846 343 4901 et
362 4837 441 4919 quid
461 4836 490 4899 ei
511 4836 711 4918 responderit
725 4836 861 4900 Balaam.
879 4838 939 4901 Sed
956 4836 979 4898 B
996 4834 1091 4918 pulus
1105 4854 1178 4897 cum
1195 4833 1326 4896 liliabus
1341 4834 1441 4911 lloab,
1458 4856 1529 4914 quae
1544 4847 1739 4898 vocaverunt

60 4946 119 4989 raa
123 4962 176 4997 =====
192 4948 222 5001 ot
247 4938 280 4999 in
305 4936 388 4998 libro
412 4936 506 4999 Josue
531 4935 666 5015 legitur:
686 4934 826 4997 Surrexit
848 4937 939 4999 Balac
994 4931 1191 5004 eoa,scilicet
1207 4930 1293 4994 lilios
1310 4932 1414 5008 lsrael,
1427 4936 1471 4993 ad
1485 4936 1648 5011 sacrificia
1664 4955 1736 4995 soc.

69 5042 112 5052 ''
194 5037 284 5099 lilius
296 5034 472 5117 Sephor,ct
488 5033 640 5115 pugnavit
655 5042 766 5096 contra
781 5034 938 5098 lsraelem.
995 5036 1039 5094 At
1064 5035 1118 5092 illi
1143 5030 1404 5113 concupiscentia
1425 5030 1513 5106 victi,
1535 5036 1740 5095 corroderent

193 5134 343 5215 llisitque
359 5141 391 5195 ct
407 5132 532 5195 vocavit
547 5132 671 5194 Balaam
689 5139 724 5193 ut
739 5131 942 5196 malediceret
997 5130 1182 5212 idolothyta,
1209 5141 1238 5190 et
1268 5134 1487 5191 adoran‘rcmt
1511 5134 1584 5191 deos
1612 5152 1737 5193 eorsum.

192 5232 298 5307 vobis,
312 5240 419 5309 etego
435 5230 523 5293 nolui
539 5230 650 5293 audire
658 5231 749 5307 eum,
762 5238 794 5292 et
809 5230 942 5295 liberavi
996 5232 1088 5292 Forte
1103 5229 1317 5291 adoraverunt
1331 5227 1418 5303 dcos,
1429 5246 1493 5290 non
1508 5229 1594 5309 quod
1610 5237 1740 5311 pulave

191 5350 251 5393 vos
276 5331 317 5393 de
343 5347 440 5391 manu
468 5329 548 5409 ejus.
573 5328 799 5392 Verumtamen
823 5330 942 5411 Moyses
996 5337 1071 5391 runt
1082 5327 1157 5389 deos
1173 5325 1246 5388 illos
1262 5344 1332 5388 esso
1346 5326 1567 5403 colendos,sed
1581 5345 1622 5390 ne
1632 5327 1740 5391 obsce
