4309 6259
596 500 772 546 celtooatto
794 500 825 544 ΙΝ
846 498 1096 545 cameracencis.
1120 518 1159 528 -·
1181 500 1251 544 aur.
1276 502 1328 547 Vlll

1674 485 1731 547 717

186 680 237 735 est
250 672 520 735 communicativa
541 670 662 754 proprii
688 671 775 734 boni.
802 670 839 731 lit
859 686 934 749 ergo
948 669 975 730 A
990 669 1074 731 circa
1096 670 1250 752 deposita.
1267 672 1386 735 Dicitur
1411 674 1496 735 enim
1519 674 1658 736 secundo
1673 673 1732 735 lda-

990 767 1189 831 chabaeorum
1204 790 1211 833 :
1225 770 1607 833 Sacerdotesinvocabant
1617 773 1656 833 de
1671 791 1733 835 cte
1747 788 1764 831 u
1773 788 1878 839 uacum,

991 866 1021 930 lo
1037 886 1110 929 eum
1132 868 1188 949 qui
1213 869 1252 931 de
1277 869 1430 951 depositis
1456 870 1558 951 legem
1584 871 1681 947 dedit,
1700 880 1733 933 ut
1749 853 1781 893 ¹⁵·

186 778 223 832 ut
237 779 458 834 assuescerent
473 770 535 832 sibi
552 779 662 832 mutuo
685 771 724 832 de
748 769 834 831 lacili
852 787 935 831 com-

187 869 364 946 municare,
373 868 526 950 praedicta
542 868 690 929 instituit.
702 867 868 930 Probibuit
882 886 934 928 au-

186 976 253 1029 tem
268 967 319 1029 lex
335 966 554 1048 possessiones
569 966 665 1029 vendi
683 966 715 1027 in
731 973 931 1047 perpetuum,

187 1066 243 1129 sed
259 1066 364 1129 solum
379 1066 420 1127 ad
435 1075 557 1129 certum
574 1075 700 1146 tempus
717 1082 724 1126 :
741 1082 805 1147 quo
826 1063 932 1140 linito,

188 1164 330 1227 redirent
344 1164 385 1227 ad
400 1164 553 1245 pristinos
569 1163 776 1238 dominos,ne
791 1161 935 1225 eveniret

187 1262 336 1326 conlusio
352 1262 496 1325 sortium.
515 1260 680 1343 Regu-latio
701 1261 788 1323 enim
810 1268 842 1322 et
863 1278 936 1323 con-

188 1362 327 1424 servatio
342 1360 592 1443 possessionum,
610 1359 784 1422 secundum
798 1356 936 1420 Philoso-

189 1459 300 1540 phum,
311 1458 448 1521 multum
464 1467 512 1521 est
527 1458 616 1519 utilis
631 1475 689 1539 pro
704 1456 867 1519 communi
884 1456 937 1517 bo-

188 1576 231 1620 uo
248 1578 255 1621 :
273 1558 354 1620 alias
380 1557 598 1639 possessiones
619 1557 659 1618 ad
685 1574 802 1637 paucos
827 1554 937 1616 venire

186 1656 344 1719 valerent.
362 1656 400 1717 Et
415 1655 497 1731 ideo,
515 1664 551 1717 ut
565 1656 634 1736 ipse
649 1654 758 1730 refert,
784 1661 935 1716 statutum

188 1755 253 1818 luit
269 1757 303 1819 in
328 1756 466 1837 quadam
489 1753 568 1817 urbe
591 1753 771 1833 gentilium,
799 1772 840 1815 ne
864 1751 937 1833 quis

190 1953 407 2033 trimentoque
417 1952 578 2015 venderet.
588 1950 750 2014 Concessit
762 1958 866 2012 emen
878 1950 936 2025 lex,

68 2068 115 2111 aa*
126 2083 175 2118 m.
191 2060 228 2114 ut
242 2053 358 2115 domus
373 2050 503 2113 urbane
518 2050 551 2111 in
568 2058 757 2132 perpetuum
769 2048 940 2111 venderen-

53 2135 80 2175 ω’
192 2159 245 2213 tur
258 2168 265 2213 :
277 2150 355 2231 quia
370 2157 455 2213 sorte
469 2148 628 2211 distinctae
644 2165 707 2210 non
723 2154 824 2224 erant,
836 2164 940 2227 neque

191 2251 233 2313 ad
249 2267 418 2313 numerum
434 2256 555 2312 certum
576 2248 721 2323 redactae,
744 2247 798 2308 sed
818 2244 939 2308 additio

190 2348 240 2412 eis
256 2346 330 2411 lieri
346 2347 462 2429 potuit.

232 2445 398 2511 Ordinavit
423 2445 555 2525 insuper
579 2443 640 2520 lex,
664 2451 700 2505 ut
724 2444 762 2506 ad
793 2451 939 2505 mutuum

191 2545 410 2609 exhibendum
426 2542 518 2625 proni
534 2549 653 2619 essent,
664 2542 772 2605 neceb
787 2543 942 2606 bocanno

70 2664 128 2707 cerv.
141 2677 177 2715 xv,
192 2642 393 2709 remissionis
414 2641 651 2725 propinquante
666 2634 866 2719 desisterent,
883 2659 942 2703 nec

54 2728 177 2840 ᾟΜ
192 2764 269 2808 eum
283 2743 335 2806 cui
351 2749 561 2816 mutuassent,
574 2740 678 2802 usuris
693 2748 872 2820 gravarent,
888 2747 943 2801 aut

54 2853 123 2893 Μ.
192 2843 313 2925 pignus
337 2840 412 2905 vitat
436 2838 651 2903 necessarium
675 2839 859 2921 exigerent,
883 2856 942 2901 nec

55 2915 177 3020 232⁸*
193 2949 341 3004 mutuata
365 2940 549 3019 importune
574 2937 661 3000 velut
676 2946 837 3000 exactores
857 2956 948 3019 repe.

990 966 1040 1028 his
1055 968 1111 1047 qui
1131 969 1347 1049 deposuerunt
1371 989 1417 1045 ea,
1436 970 1523 1033 salva
1547 970 1731 1034 custodiret.

989 1066 1028 1126 Et
1043 1065 1115 1128 ideo
1131 1066 1163 1127 in
1180 1067 1287 1129 Exodo
1313 1068 1458 1145 babetur,
1475 1069 1560 1150 quod
1585 1069 1619 1130 in
1642 1069 1735 1132 amis-

990 1163 1079 1226 sione
1095 1164 1230 1245 depositi
1247 1174 1347 1228 slatur
1362 1166 1541 1247 juramento
1556 1167 1635 1248 ejus,
1649 1169 1733 1249 apud
1756 1191 1881 1242 natam„

991 1281 1086 1343 quem
1103 1261 1164 1325 luit
1179 1264 1371 1345 depositum.
1750 1256 1783 1297 ¹¹·

1032 1360 1612 1443 Statuitquoquelex,utmercenariis
1628 1364 1734 1427 statim
1776 1388 1880 1438 nexa,

992 1479 1113 1522 merces
1128 1462 1266 1538 daretur,
1285 1480 1324 1524 ne
1340 1462 1526 1525 necessariis
1543 1464 1732 1544 indigerent.
1751 1452 1784 1495 ¹³·

992 1559 1030 1620 Et
1045 1567 1080 1620 ut
1095 1559 1233 1641 populus
1249 1558 1281 1622 in
1298 1561 1473 1642 majoribus
1493 1561 1601 1624 dubiis
1623 1572 1655 1625 et
1670 1582 1737 1644 gra-

994 1657 1136 1721 vioribus
1151 1658 1256 1720 causis
1276 1659 1315 1720 ad
1337 1659 1533 1740 superiorem
1560 1669 1738 1723 recurreret
1764 1684 1883 1734 neuim,

988 1755 1144 1837 judicem,
1171 1755 1320 1819 videlieet
1344 1776 1504 1820 summum
1529 1759 1735 1836 sacerdotem,
1752 1746 1882 1796 mml-

189 1854 425 1937 possessionem
443 1853 512 1915 sinc
528 1851 668 1917 evidenti
684 1851 872 1914 necessitate
887 1851 938 1913 de
956 1858 978 1919 Β
993 1855 1086 1936 cujus
1107 1861 1174 1917 erat
1196 1854 1407 1918 determinare
1427 1856 1524 1918 dubia
1543 1856 1628 1919 circa
1650 1856 1737 1919 caepi.

1751 1824 1808 1860 xrtu,
1816 1812 1851 1853 it.

994 1952 1117 2016 monias
1133 1952 1236 2015 cultus
1252 1951 1366 2030 divini,
1384 1951 1433 2016 vel
1449 1954 1488 2016 ad
1505 1972 1611 2035 regem
1627 1954 1683 2037 qui
1699 1974 1736 2017 ea

994 2050 1226 2114 determinabat
1252 2070 1324 2131 quae
1351 2051 1391 2114 ad
1418 2051 1539 2132 judicia
1569 2052 1735 2115 bominum

995 2150 1174 2232 pertinent3
1193 2149 1298 2212 sedin
1312 2149 1490 2213 minoribus
1506 2150 1610 2213 causis
1631 2158 1662 2214 et
1684 2151 1739 2214 du-

994 2247 1057 2310 biis
1072 2245 1214 2311 conteuti
1230 2254 1336 2310 essent
1350 2247 1523 2328 judicibus,
1533 2248 1589 2330 qui
1605 2267 1662 2330 per
1676 2250 1740 2312 sin-

995 2346 1086 2425 gulas
1110 2346 1206 2409 urbes
1235 2344 1397 2421 sedebant,
1425 2345 1487 2407 nisi
1519 2344 1567 2407 illi
1592 2346 1674 2410 inter
1705 2366 1739 2411 se

996 2445 1214 2526 discreparent
1228 2450 1260 2506 et
1275 2442 1476 2507 vacillarent:
1490 2444 1529 2507 de
1543 2444 1661 2527 quibus
1676 2464 1741 2509 om-

996 2542 1092 2605 uibus
1106 2551 1138 2605 et
1152 2540 1223 2603 aliis
1236 2541 1344 2603 multis
1360 2541 1493 2605 diverse
1509 2542 1594 2622 leges
1606 2543 1741 2624 judicia·

997 2642 1043 2704 les
1059 2641 1092 2702 in
1108 2640 1206 2703 veteri
1222 2640 1422 2703 Testamenta
1446 2642 1527 2703 uate
1550 2650 1623 2704 sunt
1644 2651 1741 2725 atque
1960 2714 1961 2719 γ

997 2739 1195 2821 conscriptas.
1223 2739 1337 2801 Statuit
1357 2739 1454 2801 etiam
1481 2740 1542 2818 lex,
1566 2748 1601 2803 ut
1627 2741 1659 2803 in
1686 2760 1740 2805 ore
1767 2761 1886 2814 nervae,

997 2839 1133 2901 duorum
1162 2836 1210 2901 vcl
1242 2836 1339 2898 trium
1368 2836 1496 2899 testium
1526 2846 1622 2901 staret
1647 2826 1775 2903 omne⁶·

998 2935 1143 3000 verbum.
1160 2935 1194 2996 ln
1209 2933 1358 2996 humanis
1373 2933 1459 2997 enim
1476 2936 1612 3016 negotiis
1632 2937 1741 3000 baberi

62 3066 177 3117 aaran„
194 3046 312 3114 terent,
329 3038 380 3101 vel
395 3038 524 3099 domum
541 3034 695 3098 debitoris
711 3036 875 3113 intrarent,
898 3034 944 3117 pi·
959 3037 981 3101 C
999 3051 1063 3095 non
1079 3040 1184 3114 potest
1198 3031 1354 3095 certitudo
1371 3030 1552 3095 inlallibilis
1569 3041 1600 3096 et
1615 3035 1744 3097 demon-

56 3132 83 3178 ¹⁰·
94 3134 124 3172 ¹¹·
193 3156 279 3219 gnus
295 3135 467 3217 querendo
485 3152 542 3196 seu
558 3133 597 3195 ad
615 3133 768 3215 placitum
786 3133 944 3215 accipien-

194 3238 260 3312 do,
277 3236 333 3298 sed
350 3232 429 3297 loris
444 3239 574 3307 starent,
592 3238 625 3295 et
640 3231 695 3294 ille
712 3232 758 3294 eis
776 3231 941 3312 preberet,

194 3353 262 3417 quo
277 3333 392 3396 melius
411 3350 519 3393 carere
535 3330 666 3393 valeret.
684 3330 774 3394 Circa
793 3330 945 3394 animalia

194 3451 275 3498 vero
285 3438 429 3494 mutuata
440 3430 490 3493 lex
501 3430 657 3505 statuitut
669 3430 695 3490 si
707 3437 835 3512 propter
847 3429 945 3510 negli-

194 3531 339 3613 gentiam
356 3530 438 3611 cjus,
455 3528 508 3590 cui
524 3534 668 3589 mutuata
684 3526 821 3604 luerent,
836 3548 892 3591 seu
907 3547 945 3591 eo

65 3647 180 3698 anama
195 3630 333 3693 absente
348 3632 562 3703 morerentur,
575 3624 625 3687 vel
641 3624 884 3688 debilitarentur
908 3645 946 3688 ex

56 3715 124 3758 '⁸¹¹⁵'
197 3726 381 3791 incustodia
404 3744 472 3799 sua,
489 3723 620 3786 reddere
644 3731 814 3785 teneretur.
837 3724 896 3787 Sed
919 3724 946 3785 si

198 3846 238 3890 eo
255 3830 462 3908 presenteet
482 3820 681 3901 diligentiam
700 3820 871 3885 adhibente
894 3823 947 3884 de

198 3926 348 3999 licerent,
369 3939 432 3983 non
454 3918 620 3982 tenebatur
645 3919 788 3995 reddere,
810 3920 947 3982 maxime

195 4023 328 4106 quando
351 4019 496 4083 mercede
511 4019 667 4081 conducta
690 4016 830 4080 luerunt.
849 4018 880 4081 si
897 4038 947 4082 ve

194 4141 233 4185 ro
250 4140 315 4184 non
340 4125 447 4182 essent
470 4117 638 4193 conducta,
654 4116 810 4199 potuisset
830 4116 947 4180 babere

991 3131 1142 3208 strativa,
1154 3132 1209 3193 sed
1224 3128 1349 3193 sullicit
1363 3130 1586 3211 conjecturalis
1598 3131 1747 3215 probabi-

1001 3230 1074 3292 litas
1093 3238 1125 3291 et
1141 3228 1341 3311 persuasoria
1358 3228 1449 3291 ratio.
1467 3229 1521 3291 Est
1537 3238 1643 3293 autem
1659 3232 1742 3295 veri-

1001 3330 1107 3392 simile
1120 3338 1216 3409 atque
1232 3326 1408 3409 probabile,
1425 3348 1535 3393 verum
1556 3329 1587 3392 id
1613 3350 1693 3409 esse,
1712 3333 1745 3394 in

1001 3447 1066 3510 quo
1079 3436 1153 3503 tres,
1170 3426 1203 3488 id
1219 3435 1266 3489 est
1281 3427 1344 3490 duo
1361 3435 1456 3490 testes
1471 3435 1503 3490 et
1519 3427 1574 3491 ille
1587 3449 1660 3492 cum
1681 3450 1745 3512 quo

1002 3534 1168 3602 testantur,
1186 3525 1236 3587 vel
1252 3532 1400 3605 quatuor,
1412 3524 1443 3586 id
1459 3534 1507 3588 est
1523 3534 1585 3589 tres
1601 3536 1698 3592 testes
1714 3538 1746 3592 et

1003 3626 1030 3688 is
1046 3644 1104 3706 pro
1119 3642 1182 3705 quo
1198 3631 1364 3700 testantur,
1382 3624 1588 3702 conveniunt,
1606 3628 1745 3692 dommo

1001 3725 1043 3787 do
1059 3724 1092 3785 iu
1109 3741 1166 3785 suo
1182 3722 1364 3785 testimonio
1380 3740 1444 3785 non
1460 3722 1620 3801 vacillent,
1644 3746 1746 3808 neque

1002 3822 1132 3885 aliunde
1147 3819 1324 3883 habeantur
1348 3820 1498 3901 suspecti,
1515 3831 1548 3884 et
1568 3823 1746 3904 diligentis-

1003 3922 1083 3983 sime
1104 3918 1340 4001 praeexaminati
1365 3921 1567 3982 concordent.
1595 3920 1651 3984 Per
1666 3924 1747 3987 duos

1002 4028 1108 4082 tamen
1125 4018 1176 4082 vel
1198 4025 1260 4080 tres
1280 4025 1376 4080 testes
1397 4018 1454 4099 qui
1476 4030 1659 4083 asseruntur
1682 4022 1748 4087 ido·

1002 4118 1067 4194 nei,
1096 4116 1280 4197 designatur
1311 4115 1493 4178 divinarum
1527 4117 1746 4199 Personarum,

192 4218 356 4304 Justitiam
369 4216 512 4297 aliquam
528 4214 626 4295 isqui
643 4215 811 4293 mutuavit,
829 4224 864 4276 ut
880 4224 947 4278 tan-
961 4220 987 4281 D
1002 4236 1072 4298 que
1090 4216 1250 4278 interdum
1261 4214 1332 4277 duae
1347 4214 1553 4297 vicissimque
1569 4224 1632 4281 tres
1647 4221 1748 4302 expri-

193 4330 267 4382 tum
279 4316 441 4397 reciperet,
452 4322 609 4395 quantum
620 4332 696 4375 usus
707 4312 855 4375 animalis
866 4331 947 4377 mor-

195 4417 244 4480 tui
261 4423 317 4478 aut
331 4412 490 4476 debilitati
506 4411 662 4492 potuisset
677 4410 948 4473 conduci.Dillert

195 4523 307 4579 autem
323 4510 504 4594 depositum
515 4530 533 4572 a
544 4518 665 4586 mutuo,
675 4509 752 4589 quia
766 4510 946 4591 depositum

198 4614 337 4680 traditur
365 4610 457 4675 alteri
479 4611 519 4673 ad
548 4609 719 4671 utilitatem
746 4609 944 4690 deponentis,

196 4722 360 4795 quatenus
375 4709 438 4771 sibi
453 4708 551 4770 tutius
566 4714 788 4784 conservetur;
802 4715 947 4770 mutuum

197 4828 290 4885 vero,
308 4810 347 4871 ad
371 4807 540 4869 utilitatem
565 4806 634 4887 ejus
659 4803 710 4868 cui
736 4805 945 4868 conceditur:

198 4911 276 4972 ideo
291 4908 330 4971 ad
347 4904 580 4968 restitutionem
595 4903 731 4985 depositi
744 4922 807 4966 non
826 4911 949 4965 tenetur

197 5010 299 5072 bomo
319 5005 402 5067 sicut
421 5003 460 5065 ad
482 5002 714 5065 restitutionem
730 5002 831 5064 mutui
849 5002 882 5062 in
898 5020 950 5064 ca-

197 5107 293 5169 sibus
309 5102 415 5167 certis.
433 5102 478 5163 Ex
502 5099 743 5163 defraudatione
765 5109 870 5162 tamen
896 5101 950 5163 de-

197 5202 300 5289 positi
314 5200 493 5284 periculum
509 5198 682 5261 maximum
698 5198 855 5260 imminet.
878 5199 951 5262 Pro-

197 5314 277 5389 pter
290 5301 375 5384 quod
390 5299 562 5363 vehemens
577 5296 699 5361 cautela
712 5296 894 5359 adhibenda
903 5305 952 5359 est

1002 4324 1144 4391 muntur,
1162 4312 1336 4376 immobilis
1352 4314 1479 4391 veritas,
1497 4317 1673 4380 secundum
1689 4318 1746 4380 Au·

1001 4413 1177 4495 gustinum.
1321 4418 1323 4425 '

1001 4545 1005 4551 ·
1040 4512 1145 4574 Potest
1166 4517 1271 4571 autem
1297 4526 1434 4586 movere,
1461 4530 1560 4591 quum
1585 4531 1680 4596 poena
1705 4516 1746 4579 sit

1002 4609 1177 4673 secundum
1193 4606 1296 4687 culpae
1310 4607 1521 4687 quantitatem
1536 4613 1746 4691 taxanda,cur

1003 4709 1053 4772 lex
1067 4707 1162 4788 jussit
1177 4723 1234 4788 pro
1250 4724 1308 4769 ove
1325 4724 1388 4767 una
1404 4705 1507 4769 iurata
1528 4718 1664 4790 quatuor
1680 4715 1746 4776 red·
1766 4729 1892 4782 exorna,

1003 4808 1048 4884 di,
1065 4806 1120 4869 sed
1146 4823 1203 4887 pro
1227 4804 1309 4867 bove
1334 4823 1397 4867 uno
1414 4803 1517 4869 furato
1539 4809 1628 4871 reddi
1653 4812 1747 4893 quin·
1761 4796 1780 4837 ¹·

1003 4924 1077 4987 que,
1102 4904 1135 4965 in
1157 4902 1228 4965 aliis
1251 4920 1326 4965 vero
1349 4902 1444 4965 rebus
1456 4904 1578 4966 restitui
1600 4907 1744 4990 duplum.

1003 5000 1274 5065 Considerandum
1300 5017 1385 5078 ergo,
1411 5001 1498 5081 quod
1521 5004 1627 5081 gravis
1653 5026 1749 5088 poena

1006 5119 1069 5163 non
1091 5117 1216 5179 semper
1232 5096 1393 5177 inlligitur
1412 5108 1541 5180 propter
1558 5106 1749 5183 magnitudi-

1006 5217 1078 5261 nem
1099 5196 1211 5278 culpae,
1234 5196 1287 5257 sed
1311 5194 1408 5257 etiam
1427 5207 1558 5279 propter
1577 5200 1657 5265 alias
1678 5207 1750 5269 rati·

1005 5315 1094 5375 ones,
1112 5294 1234 5359 scilicet
1254 5301 1288 5355 ut
1307 5293 1454 5356 hominos
1471 5306 1600 5379 propter
1616 5320 1745 5383 poenam
