4309 6259
511 526 685 572 manuario
706 527 737 572 ur
759 527 827 573 cnr.
850 527 903 572 xrn
924 527 1158 574 ocuranoaorru.
1180 547 1222 558 -
1241 529 1312 574 aar.
1335 528 1401 574 xxii
1665 512 1726 574 ttae

178 697 280 778 hujus
295 697 394 760 occisi
416 712 478 758 non
503 695 642 778 imputes
658 695 777 777 populo
794 704 856 772 tuo,
875 699 968 759 auth
1024 695 1055 758 Si
1071 696 1155 759 circa
1171 697 1321 779 praedicta
1340 706 1511 778 quaeratur,
1532 697 1610 778 quid
1625 696 1726 760 vitula

178 794 276 858 alicui
294 813 438 877 personae
460 794 627 874 excoqui
651 794 803 856 innocens
820 802 868 856 est
888 794 928 855 ab
984 794 1110 871 meruit,
1129 804 1163 857 ut
1185 804 1314 878 propter
1336 796 1493 859 incertum
1517 795 1726 860 homicidium

177 893 343 956 allusione
359 893 525 974 sanguinis
540 893 647 974 hujus.
665 893 826 956 Interdum
842 892 927 954 enim
983 893 1180 956 occideretur
1198 913 1205 957 :
1223 896 1491 976 respondendum,
1503 895 1588 975 quod
1604 894 1727 958 occide-

177 1010 238 1074 pro
253 992 376 1055 scelere
391 991 562 1054 commisso
575 991 615 1053 ab
632 1009 707 1066 uno,
718 990 825 1072 plures
838 990 929 1073 puni·
982 991 1074 1054 batur
1090 1011 1155 1055 non
1171 992 1212 1056 ob
1228 1013 1320 1066 suum
1337 994 1538 1071 demeritum,
1557 994 1611 1056 sed
1628 993 1728 1056 inde

177 1090 317 1153 ebantur
331 1109 350 1153 a
366 1091 439 1165 Deo,
459 1097 553 1171 prout
568 1108 652 1170 saepe
667 1089 846 1171 expositum
867 1097 925 1151 cst.
983 1090 1184 1154 testationem
1207 1092 1370 1154 commissi
1394 1091 1556 1167 facinoris,
1574 1100 1607 1153 et
1627 1092 1666 1154 ad
1688 1091 1728 1153 si-

177 1189 285 1251 Potuit
300 1197 408 1252 autem
423 1207 504 1264 esse,
523 1188 608 1270 quod
621 1188 675 1250 ille
691 1187 815 1251 occisus
833 1186 928 1250 luerit
981 1187 1203 1268 gnificandum
1219 1198 1380 1270 pratacta.
1394 1191 1512 1273 Nempe
1526 1208 1627 1270 quum
1643 1187 1727 1252 lacta

177 1305 320 1368 nequam
341 1295 373 1349 et
393 1286 523 1369 impius,
542 1286 590 1349 vel
614 1286 739 1349 occisus
759 1287 799 1347 ab
819 1285 927 1366 aliquo
982 1285 1047 1348 sint
1063 1285 1295 1350 irrationabilia
1309 1295 1441 1370 propter
1456 1288 1727 1364 hominem‚uten-

175 1404 276 1466 quem
301 1385 427 1448 volebat
448 1384 604 1460 occidere,
621 1385 673 1447 cui
696 1384 786 1446 licuit
807 1383 873 1446 νίω
895 1383 926 1444 vi
981 1385 1057 1446 dum
1073 1393 1122 1446 est
1137 1384 1183 1447 eis
1198 1387 1237 1447 ad
1254 1386 1419 1448 hominum
1433 1385 1615 1448 utilitatem.

176 1483 347 1564 repellere,
357 1502 431 1546 cum
446 1482 648 1564 appositione
665 1482 835 1564 inculpatas
851 1489 927 1544 tute
1022 1483 1171 1565 Sequitur
1186 1484 1236 1546 lex
1250 1484 1324 1546 alia.
1342 1488 1382 1548 Si
1396 1506 1536 1563 egressus
1557 1485 1727 1563 fucris-cd

175 1581 227 1644 lae.
251 1582 375 1644 [licitur
396 1590 502 1644 lernen
524 1581 677 1644 innocens
695 1580 835 1659 sanguis,
853 1579 928 1662 quia
977 1594 1249 1658 puynaracontra
1260 1585 1410 1644 irtirua'coa
1421 1595 1502 1652 tuos,
1516 1593 1546 1643 ct
1557 1584 1677 1643 vicimus
1688 1585 1725 1642 iu
1790 1620 1793 1628 ·

175 1681 218 1743 ab
238 1681 310 1761 ejus
330 1679 492 1744 allusione
514 1680 641 1743 fuerant
657 1680 854 1756 innocentes,
870 1679 926 1760 qui
983 1701 1116 1741 numero
1136 1683 1340 1758 captivorum
1357 1684 1527 1742 mutierem
1537 1684 1726 1758 pulchram,

175 1799 295 1841 manus
321 1797 394 1841 suas
418 1779 573 1854 laverunt,
596 1787 631 1840 ut
651 1779 770 1840 dictum
794 1786 852 1841 est.
870 1777 925 1840 Vel
981 1781 1520 1860 ctcdarucvcriseam,cotueriaquc
1529 1783 1727 1840 habereuco

176 1877 339 1959 scriptura
362 1879 428 1940 haec
453 1877 595 1958 loquitur
616 1877 655 1939 de
679 1876 784 1940 occiso
806 1875 926 1958 absque
945 1873 1060 1948 Brcm,
1070 1879 1333 1938 introducerem
1347 1880 1383 1938 in
1393 1882 1525 1939 (tomum
1542 1882 1726 1947 tuum.Quoe

176 1994 237 2038 suo
254 1976 422 2052 demerito,
436 1984 547 2058 utpote
563 1975 687 2038 vitiose.
700 1978 743 2036 Et
758 1978 927 2053 auferetur
982 1979 1072 2036 radet
1089 1978 1264 2046 coescricru,
1279 1987 1309 2036 et
1324 1978 1531 2036 circumcidet
1546 1997 1681 2053 unques,
1695 1987 1726 2037 ct

177 2077 219 2134 ab
229 2077 276 2134 cia
286 2086 395 2135 reatus
407 2075 592 2151 sauguinis,
602 2074 634 2136 id
645 2083 703 2150 est,
714 2073 851 2155 populus
863 2091 926 2136 non
981 2077 1115 2151 deportet
1130 2085 1257 2144 vestem,
1273 2078 1310 2136 iu
1325 2096 1389 2155 qua
1410 2085 1504 2152 captu
1517 2085 1585 2146 eat,·
1605 2078 1727 2135 sederas·

175 2172 333 2254 punietur
348 2192 367 2233 a
382 2173 445 2236 Deo
461 2180 590 2254 propter
610 2172 818 2235 homicidium
835 2172 924 2234 illud.
982 2175 1093 2252 quein
1109 2176 1202 2233 domo
1219 2184 1288 2244 tuo,
1303 2177 1392 2250 (tebit
1403 2185 1531 2252 putrem
1545 2184 1575 2234 et
1590 2184 1726 2236 matrem

217 2270 311 2335 Circa
330 2271 398 2333 haec
421 2270 532 2333 scribit
548 2271 684 2333 Thomas
707 2270 740 2332 in
763 2271 867 2351 prima
882 2290 927 2332 se·
981 2291 1086 2343 auam,
1099 2270 1155 2352 qui
1171 2271 1269 2334 occisi
1285 2281 1362 2334 sunt
1383 2281 1485 2335 morte
1500 2271 1657 2354 corporali
1672 2282 1727 2335 aut

175 2370 303 2444 eundae,
321 2369 498 2451 quaestione
514 2369 572 2432 105
585 2387 591 2430 :
605 2369 694 2432 Ratio
711 2368 856 2431 litteralis
872 2370 928 2430 hu·
982 2367 1083 2446 civili,
1101 2391 1166 2430 uuo
1181 2391 1288 2431 meuse
1302 2391 1314 2430 .·
1325 2389 1382 2452 per
1397 2371 1482 2451 quod
1503 2369 1604 2452 pietas
1619 2371 1727 2434 edoce

174 2468 228 2550 jus
240 2467 384 2530 mandati
396 2466 504 2540 luitut
514 2466 614 2529 Rabbi
625 2466 745 2548 Moyses
756 2466 842 2542 dicit,
852 2467 928 2548 quia
982 2473 1044 2544 tur,
1063 2486 1103 2529 ne
1123 2486 1187 2548 qua
1202 2485 1339 2549 persona
1359 2477 1431 2550 post
1446 2486 1576 2532 suorum
1592 2475 1727 2531 mortem

177 2567 367 2648 frequenter
388 2564 575 2628 interlector
589 2573 638 2628 est
653 2566 692 2628 de
707 2565 837 2628 civitate
856 2584 928 2647 pro
983 2573 1152 2648 parentum
1168 2566 1276 2628 statim
1291 2567 1331 2628 ad
1348 2567 1544 2648 voluptatem
1560 2586 1594 2629 se
1609 2567 1724 2641 donet3

176 2664 357 2747 pinqulorl.
375 2664 464 2726 Unde
489 2662 607 2726 occisio
630 2662 738 2726 vllulae
763 2662 862 2725 tiebat
887 2665 926 2726 ad
982 2674 1011 2724 ct
1022 2675 1132 2740 postca
1144 2666 1337 2725 intrabiscd
1351 2667 1727 2744 eam,dormicaquccum

176 2763 412 2845 explorandum
429 2761 638 2825 homicidium
655 2762 826 2825 occultum.
839 2762 927 2836 Quod
983 2765 1056 2832 itta,
1071 2773 1101 2822 ct
1115 2763 1178 2822 crit
1194 2781 1278 2822 uuor
1293 2772 1360 2822 tua.
1377 2762 1463 2824 lstud
1483 2761 1726 2841 intelligendum

177 2861 280 2928 lirbat
302 2879 359 2942 per
381 2861 441 2922 tria
459 2877 466 2921 :
484 2860 600 2936 Primo,
619 2879 676 2942 per
699 2861 759 2923 hoc
775 2861 860 2942 quod
883 2880 928 2923 se
983 2869 1031 2923 est
1045 2861 1085 2922 de
1101 2859 1235 2922 muliere
1250 2859 1377 2923 volente
1392 2861 1432 2922 ad
1446 2861 1644 2922 Iudaismum
1655 2881 1728 2924 con-

176 2960 286 3023 niores
309 2959 449 3022 ciuitatis
469 2958 620 3040 jurabant
641 2977 674 3021 se
698 2959 777 3020 nihil
801 2968 928 3042 prater·
984 2959 1076 3034 verti,
1094 2967 1125 3022 et
1147 2966 1217 3041 post
1232 2959 1302 3039 ejus
1316 2958 1559 3021 conversionem
1577 2975 1584 3019 :
1602 2957 1728 3041 luitque

177 3058 307 3120 misisse
323 3057 357 3118 in
368 3058 493 3120 viarum
508 3057 849 3120 custodia.Secundum
867 3067 925 3135 ast,
944 3059 966 3122 C
983 3057 1085 3138 magis
1095 3055 1274 3139 permissio,
1287 3076 1383 3138 quam
1400 3055 1571 3138 preceptio
1585 3065 1640 3119 aut
1654 3075 1728 3120 con·

174 3157 332 3239 quoniam
350 3155 406 3218 ille
421 3156 513 3236 cujus
529 3163 596 3218 erat
611 3155 722 3232 vitula,
740 3156 928 3219 damnifica·
982 3155 1165 3219 cessioNec
1175 3163 1224 3218 est
1234 3154 1477 3235 intelligendum
1487 3156 1528 3216 de
1538 3153 1727 3218 mulieribus

175 3256 273 3318 batur
299 3253 332 3316 in
356 3253 504 3316 animalis
525 3253 712 3317 occisione:
731 3263 766 3316 ut
788 3255 814 3316 si
838 3255 926 3336 prius
982 3264 1037 3317 aut
1060 3254 1178 3336 puellis
1203 3253 1404 3334 alienigenis,
1429 3252 1665 3335 pertinentibus
1685 3254 1725 3317 ad

176 3352 440 3416 manifestaretur
454 3352 783 3428 homicidium‚vitula
798 3371 862 3416 non
878 3371 927 3416 oc·
982 3361 1098 3415 terram
1122 3351 1386 3433 promissionis,a
1406 3370 1542 3433 quarum
1563 3351 1725 3415 connubio

175 3453 349 3515 cidcretur.
364 3450 516 3528 Tertium,
534 3452 620 3531 quod
636 3451 736 3528 locus,
755 3451 786 3514 in
803 3469 867 3532 quo
883 3452 927 3514 vi·
981 3449 1233 3534 prohibebantur
1249 3450 1360 3528 iudai,
1378 3459 1413 3512 ut
1428 3469 1523 3531 supra
1537 3449 1651 3532 patuit.
1667 3450 1725 3514 Per
1737 3469 1870 3521 marnae

176 3552 246 3614 tula
261 3549 476 3626 occidebatur,
495 3550 613 3611 mansit
628 3550 779 3612 incultus
793 3551 872 3612 llinc
886 3552 926 3613 ad
980 3549 1194 3631 abjectionem
1208 3550 1339 3612 demum
1356 3549 1557 3630 propriarum
1574 3549 1722 3626 restium,

176 3649 348 3712 vitandum
364 3656 537 3728 utrumque
552 3648 871 3726 damnum,bomines
886 3648 926 3711 ci·
980 3648 1013 3710 in
1030 3647 1146 3728 quibus
1164 3646 1267 3710 luerat
1276 3655 1379 3729 capta,
1388 3655 1419 3709 et
1434 3645 1624 3728 capillorum
1639 3647 1725 3729 capi·

175 3748 286 3810 vitatis
298 3748 338 3809 de
356 3745 444 3809 lacili
463 3744 705 3809 manifestarent
720 3746 923 3826 homicidam,
982 3744 1721 3825 tisabrasionem,abscissionemqueunguium,

176 3847 203 3908 si
214 3845 399 3909 scirentldt
415 3862 485 3906 raro
500 3852 624 3926 poterat
636 3845 803 3926 essc,quin
818 3847 925 3928 aliqua
979 3843 1204 3924 designabatur
1220 3851 1373 3925 perpetua
1388 3842 1574 3905 idololatrias
1589 3861 1626 3906 ac
1646 3843 1723 3905 inli-

175 3944 275 4009 rerba
291 3942 448 4020 autsigna
463 3942 924 4024 superhocpraecesserlnt.l'el
980 3942 1121 4005 delitatis
1142 3941 1291 4022 abjectio.
1309 3940 1391 4004 llicit
1412 3940 1508 4003 etiam
1523 3941 1669 4020 Magister
1690 3942 1723 4003 in

174 4045 237 4106 hoc
255 4041 356 4104 fiebat
371 4042 409 4103 ad
427 4049 590 4118 terrorem,
609 4041 640 4102 in
661 4041 825 4104 homicidii
840 4043 926 4104 dete·
980 4041 1244 4121 historiisque
1267 4059 1324 4122 per
1346 4038 1513 4102 mulierem
1536 4038 1726 4121 intelligitur

175 4139 428 4202 stationemPer
442 4137 634 4202 occisionem
653 4158 790 4221 namque
805 4139 924 4217 vitulas,
980 4140 1082 4220 virgo,
1099 4139 1167 4201 sive
1181 4139 1247 4219 jam
1264 4145 1364 4219 nupta
1385 4158 1392 4201 ε
1414 4138 1499 4218 quod
1520 4155 1584 4200 non
1599 4138 1726 4201 videtur

175 4257 249 4320 quat
260 4245 309 4300 est
319 4236 439 4298 animal
449 4235 527 4299 utile
537 4255 574 4298 ao
586 4236 925 4319 robustum,praecipue
941 4234 965 4295 D
980 4237 1225 4317 intelligendum
1245 4237 1285 4299 de
1310 4245 1420 4319 nupta,
1447 4237 1551 4300 adhuc
1575 4235 1725 4298 maritum

175 4345 351 4416 antequam
377 4334 500 4397 laboret
525 4334 584 4396 sub
608 4335 695 4416 jugo,
722 4335 925 4416 significaba-
980 4336 1128 4411 habente,
1146 4336 1200 4397 scd
1223 4335 1329 4417 potius
1352 4336 1458 4411 vidua,
1477 4335 1539 4396 nisi
1563 4332 1646 4398 lorte
1660 4354 1726 4397 ma·

175 4444 228 4496 tur
254 4434 341 4514 quod
367 4433 562 4514 quicumque
587 4433 796 4497 homicidium
817 4453 925 4516 perpe·
980 4434 1061 4496 ritus
1084 4433 1278 4495 recusaverit
1293 4433 1436 4497 converti
1458 4433 1497 4494 ad
1513 4432 1568 4495 Dei
1590 4433 1722 4494 cultum.

176 4531 462 4612 trasset,quamvis
478 4530 566 4612 utilis
583 4539 666 4594 esset
681 4551 718 4594 ac
734 4531 926 4608 lortiS,occi-
979 4535 1042 4594 stu
1067 4543 1176 4592 autem
1194 4541 1303 4608 postca
1324 4553 1389 4593 uon
1414 4533 1530 4591 sederit
1556 4534 1591 4590 irc
1614 4534 1724 4592 chirac

175 4633 306 4694 deretur
330 4629 428 4692 ctiam
454 4637 555 4692 morte
579 4629 700 4693 crudeli
723 4648 730 4691 :
758 4631 843 4710 quod
869 4650 926 4712 per
981 4641 1046 4700 tuo,
1062 4630 1168 4705 idest,
1186 4629 1387 4710 displicuerit
1408 4629 1478 4705 tibi,
1495 4631 1725 4690 dimittcsccm

175 4725 396 4791 concisionem
413 4725 548 4790 cervicis
564 4725 673 4789 vitulae
689 4727 877 4801 notabatur;
895 4737 926 4790 et
980 4732 1125 4790 liberam.
1143 4729 1206 4790 lloc
1220 4747 1348 4809 quoque
1371 4726 1538 4810 permissio
1553 4735 1613 4802 est,
1629 4735 1725 4808 prout

173 4825 263 4907 quod
283 4833 435 4906 tanquam
454 4823 527 4886 vilis
547 4842 582 4886 ac
599 4823 716 4906 impius
731 4844 751 4886 a
765 4827 926 4889 consortio
980 4826 1064 4889 inira
1079 4825 1206 4908 plenius
1222 4824 1389 4902 referetur,
1399 4824 1536 4906 qualiter
1551 4824 1641 4888 licuit
1652 4843 1725 4888 uxo

175 4922 347 4987 hominum
363 4931 447 4985 esset
461 4922 661 5008 abjiciendus
679 4941 686 4986 τ
704 4924 790 5004 quod
812 4923 926 5005 figura·
981 4944 1046 4986 rem
1062 4923 1234 4987 dimittere.
1253 4923 1273 4984 F
1276 4923 1332 4986 uit«
1343 4933 1449 4986 autem
1472 4922 1542 4986 sine
1564 4923 1667 5006 pretio
1681 4923 1726 4986 di·

175 5023 272 5084 batur
289 5039 345 5103 pcr
361 5021 432 5097 hoc,
450 5021 535 5102 quod
551 5020 652 5082 vitula
674 5021 876 5084 occidebatur
893 5023 925 5084 in
981 5023 1146 5084 mittenda.
1165 5025 1231 5085 Nec
1244 5026 1380 5083 occulere
1394 5024 1529 5100 poteris,
1544 5021 1619 5103 quia
1642 5021 1726 5084 lacta

175 5121 262 5184 valle
277 5138 391 5200 aspera
406 5127 502 5200 atque
518 5118 649 5196 inculta,
668 5127 698 5181 et
714 5120 798 5200 quod
815 5140 926 5182 carnos
980 5128 1028 5182 est
1044 5128 1148 5182 tecum
1164 5137 1228 5180 una
1243 5138 1327 5195 caro,
1345 5128 1376 5183 et
1392 5120 1626 5201 quodammodo
1640 5137 1726 5182 com-

174 5221 248 5300 ejus
265 5217 531 5298 relinquebantur
543 5217 587 5280 ibi
600 5217 633 5280 in
645 5218 844 5298 putredinem
856 5237 929 5281 con-
982 5237 1038 5300 par
1057 5235 1064 5278 :
1084 5217 1156 5280 ideo
1172 5236 1235 5280 non
1251 5226 1300 5279 cst
1319 5218 1483 5281 tractanda
1505 5226 1654 5300 tanquam
1671 5237 1726 5279 an-

174 5316 354 5384 rertendae.
391 5349 394 5357 <
981 5315 1333 5394 cilla3rwcopprr'uu2rc
1345 5335 1404 5393 per
1415 5315 1724 5393 pcccaticrn,duram
