4309 6259
430 501 490 566 [406
769 520 941 568 annoanlo
963 521 993 564 ΙΝ
1014 520 1083 564 GAP.
1106 518 1158 564 xvt
1179 517 1375 564 nuusnonult.
1397 537 1437 546 -
1458 516 1530 562 Attr.
1552 515 1637 561 xxvu

431 691 486 752 Dei
502 690 614 753 habitu
629 711 647 754 a
663 693 778 756 ceteris
793 691 942 772 gentibus
958 688 1127 766 differunt,
1144 698 1175 751 et
1190 692 1214 750 Α
1232 688 1282 750 tis.
1300 689 1406 764 Porro,
1423 687 1532 750 oculos
1557 686 1660 767 sequi,
1681 693 1730 748 est
1750 683 1972 766 apprehensio

432 788 587 870 religione
601 789 746 853 differre.
1231 787 1326 849 nibus
1351 785 1645 866 affectionibusque
1675 784 1809 861 illicitis,
1837 801 1909 862 quaa
1937 801 1972 844 or

471 887 644 965 Postrem0,
661 889 750 969 juxta
765 886 910 950 instituta
925 886 1033 948 divina
1050 904 1114 948 nou
1130 904 1176 948 sc·
1230 886 1302 949 risu
1326 884 1475 948 exteriori
1501 885 1669 967 prodeunt,
1693 881 1886 946 consentire.

432 1003 568 1065 quamur
583 986 791 1066 cogitationes
811 984 951 1061 illicitas,
969 1004 1068 1066 quum
1091 983 1176 1046 dicat
1270 983 1415 1066 Amplius
1426 983 1510 1046 circa
1525 991 1673 1064 praetacta
1684 980 1780 1043 verba
1790 978 1972 1042 RabbiPau-

285 1092 415 1144 nonan
431 1082 574 1146 Michaeas
592 1085 665 1148 :Vae
687 1084 742 1165 qui
765 1084 911 1165 cogitatis
931 1083 1054 1146 inutile.
1076 1084 1114 1144 Et
1131 1083 1176 1145 te
1231 1083 1254 1144 li
1270 1082 1419 1158 occurrit,
1437 1082 1522 1162 quod
1539 1081 1675 1144 Thomas
1694 1078 1807 1142 scribit
1820 1077 1855 1140 in
1872 1077 1972 1159 prima

290 1196 416 1244 ter-ocu.
432 1181 547 1244 remias
567 1200 573 1244 :
596 1183 766 1263 Usquequo
788 1181 997 1245 morabuntur
1017 1179 1050 1244 iu
1073 1189 1103 1244 to
1126 1199 1176 1243 co
1230 1182 1401 1244 secundae:
1429 1181 1461 1242 In
1488 1178 1710 1242 Ecclesiastico
1734 1177 1890 1258 scriptum
1914 1183 1970 1251 est,

431 1281 601 1360 gitatioues
628 1280 730 1344 noxiae
750 1283 762 1341 t
786 1281 941 1343 Dominus
965 1298 1094 1362 quoquc
1119 1299 1175 1361 per
1229 1279 1372 1342 ftmictus
1401 1279 1545 1359 corporis
1573 1277 1720 1340 enuntiat
1743 1276 1783 1338 dc
1807 1273 1938 1337 bomine
1963 1288 2054 1374 ²,.'⁵'⁰‘²⁸
2056 1303 2103 1335 11111

307 1390 405 1440 tante·
431 1378 564 1440 isaiam:
581 1377 712 1441 Auferte
736 1379 855 1440 malurn
876 1377 1103 1458 cogitationum
1126 1397 1176 1440 vc
1232 1379 1302 1440 ideo
1318 1377 1420 1440 voluit
1440 1376 1603 1452 Dominus,
1616 1384 1652 1437 ut
1674 1375 1813 1458 populus
1835 1392 1913 1435 suus
1927 1370 2012 1434 di-''‘

433 1485 569 1538 strarum
590 1476 630 1539 ab
649 1477 751 1540 oculis
774 1477 864 1539 meis.
883 1478 989 1558 Neque
1004 1495 1176 1557 sequamur
1231 1477 1445 1557 stingueretur
1456 1476 1495 1537 ab
1516 1474 1588 1537 aliis
1599 1493 1662 1536 non
1683 1474 1787 1536 solum
1807 1471 1899 1552 siguo
1918 1470 1973 1532 clr-

432 1580 536 1635 oculos
550 1597 607 1652 per
626 1597 675 1635 res
697 1578 806 1636 varios
826 1578 1037 1652 fornicantes,
1053 1575 1108 1638 scd
1131 1574 1176 1636 vi-
1230 1575 1448 1648 cumcisionIS‚
1460 1575 1545 1655 quod
1558 1582 1625 1636 erat
1640 1573 1674 1634 iu
1689 1590 1795 1647 carne,
1808 1571 1863 1632 sed
1879 1569 1972 1632 etiam

289 1685 374 1734 rm.
384 1688 416 1726 ιι.
432 1692 502 1735 sum
513 1673 737 1749 custodiamus,
746 1692 785 1735 nc
796 1692 880 1736 mors
890 1674 1027 1736 introeat
1036 1673 1175 1735 animam
1231 1683 1316 1737 certa
1331 1672 1459 1735 babitus
1475 1671 1691 1734 distinctione.
1709 1671 1747 1731 Et
1762 1668 1910 1750 quamvis
1926 1685 1973 1729 uo

302 1785 417 1832 ranam,
433 1792 490 1854 per
512 1772 600 1835 visus
623 1771 807 1849 fenestram,
824 1781 855 1835 et
876 1793 915 1836 ne
937 1773 1048 1836 oculus
1069 1780 1176 1834 noster
1233 1772 1389 1834 tissimum
1406 1770 1477 1848 fuit,
1491 1770 1575 1852 quod
1585 1769 1683 1832 Judaei
1699 1767 1974 1847 distinguebantur

285 1851 381 1953 ⁵¹13„st
396 1922 418 1958 ,ἢ
433 1872 632 1953 depraedetur
642 1871 781 1934 animam
794 1879 945 1935 nostram.
957 1870 1045 1934 Oculi
1056 1870 1176 1934 etenim
1195 1870 1271 1933 Bab
1296 1871 1369 1933 aliis
1395 1869 1559 1950 signaculo
1584 1865 1851 1941 circumcisionis,
1869 1874 1972 1927 tamcu

286 1975 319 2014 ¹⁴·
390 2049 393 2058 ,
434 1969 587 2051 sapientis
604 1969 756 2050 incapite
778 1971 859 2051 ejuS,
877 1969 1046 2032 stultorum
1069 1978 1175 2032 autem
1232 1968 1434 2048 hocsignum
1451 1966 1643 2031 latebatsub
1666 1974 1754 2028 vaste
1773 1982 1780 2026 ε
1800 1963 1973 2026 idcircosi-

284 2036 418 2141 ffw'm'
434 2069 467 2132 in
494 2068 616 2131 finibus
640 2076 743 2131 terrae.
770 2069 983 2131 Incustoditus
1009 2068 1108 2145 visus,
1135 2067 1177 2130 si·
1230 2086 1329 2147 gnum
1346 2066 1424 2129 foris
1439 2084 1606 2147 apparens,
1619 2063 1848 2127 convenIentcr
1861 2069 1911 2124 est
1924 2061 1974 2123 ad·

432 2185 531 2248 gnum
547 2175 595 2230 cst
610 2166 811 2230 incustodita
821 2166 1075 2248 intimorataeque
1091 2185 1177 2230 men·
1232 2165 1346 2228 ditum.

940 2593 1264 2680 ARTICULUS
1302 2595 1470 2678 XXVII

550 2871 706 2918 Expostulo
728 2870 902 2916 ultusultus
924 2869 1060 2916 CAPITULI
1082 2868 1271 2914 suxrtuuctttt
1294 2869 1301 2912 ἶ
1326 2869 1398 2914 nucu
1418 2868 1520 2913 aurun
1541 2868 1618 2914 GORE
1638 2868 1735 2913 status
1755 2869 1859 2925 Issen,

959 2968 1030 3013 lttttt
1051 2967 1164 3026 GAATH,
1187 2967 1259 3013 FILII
1279 2966 1357 3025 navt,
1381 2967 1445 3012 stc.

498 3247 703 3312 ESCIIIPTO
719 3247 814 3309 unius
825 3265 955 3310 excessu
965 3255 997 3309 et
1007 3245 1175 3328 punitione
1191 3246 1213 3308 C
1229 3244 1378 3312 Pontifex
1394 3265 1537 3308 summus
1554 3246 1587 3308 in
1602 3246 1711 3309 arduis
1725 3247 1830 3310 causis
1844 3245 1972 3310 deberat

510 3347 543 3409 in
567 3345 759 3429 precedenti
782 3345 934 3428 capitulo,
952 3365 1036 3408 nunc
1056 3345 1174 3407 multo-

429 3466 501 3508 rum
517 3453 549 3508 et
563 3444 775 3508 eminentium
795 3443 876 3506 mira
891 3442 1043 3525 iniquitas
1058 3463 1095 3506 ac
1110 3462 1175 3506 me

431 3545 548 3608 tuenda
573 3543 698 3626 punitio
724 3541 958 3606 describuntur.
981 3546 1061 3603 Ecce
1081 3565 1093 3602 .·
1118 3562 1175 3624 per

429 3644 515 3724 quod
539 3650 677 3718 notatur,
695 3661 791 3723 quam
813 3660 943 3704 enorme
960 3641 1120 3722 placulum
1143 3649 1175 3702 et

430 3760 525 3823 quam
551 3741 656 3803 dirum
680 3740 873 3822 supplicium
897 3739 960 3801 sint
985 3740 1143 3801 narranda
1164 3762 1172 3812 ;

432 3845 507 3902 Core
530 3843 622 3918 filius
646 3845 751 3911 Isaar,
777 3842 844 3918 fitit
870 3841 981 3910 Coatlt,
1007 3842 1074 3916 fittt
1095 3842 1175 3900 Levi

429 3939 628 4021 patriarche,
645 3957 718 4000 cum
740 3955 804 4019 quo
819 3937 915 3999 Caath
937 3936 1024 3999 filius
1040 3937 1111 4018 ejus
1127 3938 1175 3999 in·

430 4037 525 4100 travit
546 4037 724 4119 AEgyptum,
740 4047 770 4096 et
790 4039 920 4097 Datltan
940 4047 1035 4115 atquc
1050 4039 1174 4097 Antron·

428 4137 497 4213 filit
515 4137 613 4196 Ettao
633 4138 700 4214 filit
715 4137 839 4204 auten,
857 4137 929 4195 Han
945 4155 1068 4214 quoque
1082 4138 1174 4211 fitius

430 4236 564 4294 Ptolem
579 4237 618 4292 de
632 4234 714 4311 filiis
728 4235 854 4301 Buten,
869 4243 1082 4293 surromerunt
1101 4253 1174 4293 con-

300 4346 309 4366 ·
324 4345 416 4402 Atticae
431 4338 482 4388 tra
498 4329 727 4404 Moysen.Alii
746 4327 891 4407 quoque*
907 4329 1054 4404 fitiorum
1069 4330 1173 4388 Israel

1230 3342 1356 3405 statutis
1373 3344 1571 3425 temporibus
1588 3344 1801 3408 universalem
1816 3346 1971 3427 synodum

1229 3460 1406 3505 convocare
1419 3463 1456 3505 ac
1472 3443 1633 3506 celebrare
1646 3451 1659 3505 t
1679 3444 1740 3508 Neo
1754 3444 1872 3507 mirum
1888 3446 1972 3526 quod

1229 3541 1349 3622 Moyses
1375 3550 1518 3623 tempore
1542 3542 1671 3606 concilii
1696 3545 1885 3607 convocavit
1908 3553 1972 3606 tarn

1229 3638 1358 3715 multos,
1373 3639 1436 3702 imo
1447 3641 1633 3704 convocavit
1644 3641 1744 3704 multo
1760 3641 1973 3723 pluresquam

1229 3737 1319 3814 istos,
1336 3738 1392 3818 qui
1408 3757 1519 3801 omnes
1535 3738 1665 3802 fuerunt
1679 3741 1718 3802 dc
1735 3739 1819 3802 tribu
1834 3741 1920 3818 Levi,
1942 3752 1975 3805 ct

1229 3837 1360 3916 quidam
1385 3856 1493 3899 eorum
1526 3838 1565 3900 de
1592 3837 1676 3901 tribu
1705 3839 1828 3902 Rubcn.
1854 3840 1975 3921 Moyses

1228 3943 1333 3998 autem
1349 3936 1388 3997 ad
1399 3936 1570 3999 concilium
1582 3939 1769 4002 convocarit
1783 3939 1823 4001 de
1839 3939 1975 4018 siugulis

1228 4034 1375 4096 tribubus
1400 4037 1566 4116 quosdam.
1594 4038 1723 4119 Magnus
1745 4039 1895 4121 equidem
1920 4059 1976 4120 po

1228 4133 1325 4214 pulus
1342 4133 1402 4195 fuit
1418 4135 1476 4210 ibi,
1494 4136 1569 4216 quia
1585 4136 1693 4218 plures
1714 4157 1810 4219 quam
1826 4151 1975 4204 sexcenta

1229 4232 1331 4294 millia
1360 4233 1512 4295 virorum.
1537 4235 1614 4297 Nam
1639 4245 1671 4298 et
1697 4236 1728 4298 iu
1760 4237 1864 4319 primo
1890 4238 1975 4302 fibro

1227 4331 1477 4395 lfaobabaeorum
1495 4333 1650 4414 scriptum
1666 4337 1822 4416 estquod
1837 4337 1972 4401 Romani
2059 4377 2070 4402 a

428 4427 560 4486 ducenti
574 4427 826 4506 quinquapa'nta,
834 4445 1172 4502 proceressynopoyae,
1187 4423 1212 4483 D
1227 4429 1372 4510 quotidie
1390 4432 1540 4493 tenebant
1555 4433 1740 4510 concilium,
1754 4435 1787 4496 fn
1807 4448 1974 4517 quoerant
1989 4440 2030 4474 '¹¹¹’
2052 4430 2071 4465 '⁵'

428 4523 460 4586 id
485 4532 534 4586 est
558 4523 715 4605 capitanei
735 4543 772 4586 ac
792 4523 916 4586 nobiles
938 4523 970 4584 in
996 4523 1126 4605 populo,
1143 4535 1173 4584 et

426 4625 485 4702 qui
501 4631 638 4700 tempore
652 4623 783 4682 concilii
793 4643 855 4698 per
869 4624 1003 4682 nomina
1021 4625 1173 4682 vocaban-

427 4732 489 4790 tur,
518 4729 667 4802 tanquam
693 4719 804 4802 inclyti
829 4720 1069 4801 otprudentes.
1093 4719 1172 4782 Ecce

425 4820 509 4901 quod
525 4819 643 4900 Moyses
658 4819 713 4900 qui
729 4819 855 4880 assidue
875 4817 966 4899 quasi
988 4819 1027 4880 ad
1044 4817 1169 4879 libitum

424 4916 569 4997 angelico
586 4917 750 4979 fruebatur
771 4917 923 4998 alloquio,
942 4915 1170 4980 informatione

424 5015 546 5078 coelesti
562 5024 594 5078 ot
609 5015 783 5078 directione
799 5015 918 5094 diviua,
933 5016 965 5077 in
977 5016 1085 5078 arduis
1101 5035 1170 5079 cau-

424 5114 468 5177 sis
483 5112 667 5195 frequenter
683 5113 872 5177 convocavit
886 5123 918 5176 et
932 5114 1106 5178 celebravit
1116 5133 1169 5194 ge

423 5212 531 5275 nerale
546 5211 729 5289 concilium,
744 5231 806 5275 uon
818 5231 993 5295 aspernans
1005 5221 1077 5276 vota
1093 5232 1168 5276 con-

423 5311 673 5392 sultationesque
703 5310 880 5374 bominum.
907 5309 1029 5384 Quanto
1065 5310 1166 5390 magis

1228 4527 1288 4589 viri
1315 4529 1445 4590 trecenti
1472 4528 1597 4609 viginti,
1623 4540 1658 4593 ut
1682 4552 1754 4614 quaa
1778 4534 1875 4614 digna
1898 4549 1975 4602 suut

1226 4635 1348 4704 gerant.

1268 4727 1435 4804 Quutnquc
1444 4729 1602 4788 stetissent
1617 4734 1789 4792 orlvcrsctm
1799 4737 1931 4810 Moysen
1942 4747 1975 4796 et

1226 4826 1349 4893 Aaron,
1374 4825 1543 4887 clarerent.
1568 4825 1684 4890 Auctor
1706 4837 1738 4891 et
1758 4840 1854 4912 caput
1875 4832 1974 4913 hujus

1226 4920 1393 4982 seditionis
1412 4923 1532 4984 exstitit
1553 4925 1641 5000 Coro,
1654 4927 1709 5007 qui
1724 4929 1774 5008 (ut
1796 4929 1830 4991 in
1846 4930 1975 4994 Schola-

1225 5018 1304 5080 stica
1320 5018 1421 5081 fertur
1431 5021 1577 5101 historia)
1592 5024 1704 5087 videns
1712 5025 1880 5091 fratrueles
1895 5049 1974 5092 suos

1224 5116 1406 5193 honoratos,
1430 5105 1530 5180 unum
1555 5122 1672 5184 ducatu
1694 5125 1817 5205 populi,
1833 5126 1971 5192 alterum

1224 5215 1411 5292 sacerdotio,
1430 5216 1494 5280 imo
1517 5227 1548 5280 ct
1568 5219 1769 5300 pontiflcatu,
1792 5222 1919 5300 invidit,
1936 5237 1970 5288 ct

1223 5311 1303 5373 alios
1313 5323 1424 5375 contra
1439 5314 1511 5377 illos
1527 5318 1709 5397 concitavit,
1722 5320 1872 5385 videlicet
1882 5322 1971 5387 viros
