4309 6259
579 498 754 545 armanno
774 497 805 545 nv
827 496 895 543 uxr.
918 494 973 543 xxr
993 494 1096 541 nxnnr.
1118 515 1159 526 -
1178 497 1250 543 aar.
1273 498 1335 545 xuu
1688 482 1727 547 l3

175 668 297 745 divini,
314 669 393 751 quia
415 688 473 751 per
494 668 697 749 judiciariam
723 676 924 752 potestatem,
942 665 968 727 A
983 668 1058 730 dum
1075 668 1128 747 sit,
1138 668 1166 731 si
1183 667 1279 733 luerit
1295 670 1387 733 lacta.
1398 669 1542 735 Secundo
1557 671 1727 754 exponitur

174 776 206 830 et
220 767 360 831 aliorum
377 768 654 849 gubernationem,
673 768 926 848 vicariatumque
982 766 1028 829 sic
1046 784 1053 828 :
1071 767 1104 830 Si
1119 768 1193 849 quis
1209 767 1388 832 vendiderit
1405 767 1508 832 liliam
1524 788 1615 833 suam
1631 770 1665 832 in
1681 768 1728 832 ia-

174 865 241 943 llei,
269 866 399 929 divinas
424 868 636 949 proprietates
662 867 866 950 participant,
895 873 926 927 et
982 865 1114 943 mulam,
1135 866 1196 931 boc
1220 874 1278 944 est,
1301 867 1329 929 si
1353 868 1427 949 quis
1446 868 1597 932 llebraeus
1623 868 1725 932 liliam

176 965 239 1028 Deo
255 965 441 1047 specialiter
456 964 807 1041 assimilantur,saltem
824 965 856 1026 in
873 965 928 1027 do
983 984 1072 1027 suam
1095 967 1238 1029 nondum
1261 966 1405 1029 nubilem
1424 968 1541 1031 vendat
1563 968 1655 1031 alteri
1672 968 1729 1031 lle·

178 1064 227 1126 uis
244 1064 296 1125 his
311 1065 424 1145 gratiae
438 1065 536 1145 gratis
546 1065 637 1127 datae.
651 1068 694 1127 Et
707 1066 928 1143 applicabitur
982 1062 1078 1141 braio,
1104 1073 1139 1127 ut
1159 1064 1276 1127 serviat
1296 1064 1326 1128 ei
1350 1067 1390 1128 ad
1417 1074 1554 1148 tempus,
1571 1075 1729 1148 quatenus

176 1166 220 1223 ad
234 1166 356 1225 ostium
371 1174 402 1225 et
413 1174 518 1243 postes
529 1162 737 1239 tabernaculi,
747 1163 837 1244 juxta
852 1180 928 1243 prae
983 1162 1114 1226 interim
1138 1163 1318 1227 consideret
1342 1183 1446 1228 mores
1471 1164 1558 1245 ejuS,
1584 1184 1625 1227 an
1650 1164 1729 1229 velit

176 1270 306 1343 ceptum
323 1264 524 1326 sacerdotum
542 1281 598 1325 seu
611 1262 772 1343 judicum3
784 1262 929 1341 perfero
983 1280 1053 1325 eam
1069 1260 1131 1323 sibi
1147 1268 1201 1323 aut
1217 1260 1288 1324 filio
1303 1280 1361 1325 suo
1375 1262 1520 1344 accipere
1533 1262 1568 1325 in
1583 1281 1726 1339 uxorem,

176 1362 285 1440 hiique
295 1382 411 1423 aurem
423 1362 493 1438 ejas
502 1364 620 1422 subula
630 1361 781 1424 dominus
795 1378 880 1435 suus,
891 1359 925 1420 in
985 1376 1049 1420 non
1070 1361 1251 1439 egredietur
1275 1361 1357 1424 sicut
1376 1361 1502 1425 ancillae
1524 1361 1631 1442 egredi
1654 1380 1729 1424 con·

176 1458 306 1539 signum
324 1468 488 1541 perpetuae
504 1459 668 1523 servitutis
679 1475 686 1521 :
697 1459 784 1540 quod
801 1458 927 1539 signum
985 1467 1167 1535 sueverunt,
1178 1459 1210 1521 id
1226 1468 1357 1537 estnon
1373 1459 1581 1523 dimittetura
1596 1460 1728 1523 domino

178 1557 210 1619 in
226 1578 305 1620 aure
320 1558 488 1623 evidenter
503 1558 662 1641 apparuit.
674 1557 743 1635 llel,
756 1554 929 1639 perl'oratio
986 1574 1042 1619 suo
1065 1556 1147 1619 sicut
1168 1558 1339 1621 dimittitur
1357 1559 1475 1623 ancilla
1495 1578 1533 1622 ex
1553 1558 1615 1622 alia
1635 1567 1730 1641 gente

178 1656 234 1718 illa
255 1655 358 1720 fiebat
380 1656 409 1719 ei
433 1656 466 1718 in
489 1675 616 1738 poenam
639 1664 671 1720 ει
694 1654 928 1730 confusionem,
985 1664 1102 1738 empta,
1124 1676 1196 1738 qure
1221 1656 1283 1720 luit
1306 1657 1423 1720 ancilla
1445 1658 1645 1741 simpliciter,
1670 1676 1729 1721 nec

177 1756 313 1836 eoquod
330 1754 435 1818 noluit
450 1754 497 1817 uti
511 1756 583 1836 jure
598 1754 755 1818 libertatis
771 1752 833 1816 sibi
844 1752 930 1817 obla·
985 1753 1093 1834 egredi
1113 1754 1228 1837 potuit,
1246 1756 1308 1818 nisi
1324 1756 1473 1819 dominus
1493 1756 1685 1821 excussisset
1699 1756 1729 1818 ei

180 1862 229 1929 ιε,
253 1872 291 1915 ac
316 1852 479 1917 beneficio
504 1853 594 1933 legis.
611 1852 720 1917 Flebat
743 1870 872 1934 quoque
897 1851 931 1913 in
948 1855 971 1916 Β
985 1852 1114 1915 dentem
1130 1862 1185 1915 aut
1199 1854 1339 1931 oculum,
1356 1862 1392 1917 ut
1408 1855 1441 1916 in
1457 1855 1518 1918 isto
1534 1854 1620 1917 inira
1634 1854 1730 1918 habe·

177 1970 255 2015 aure
274 1952 389 2033 magis,
408 1970 504 2035 quam
526 1953 560 2014 in
580 1952 643 2015 alia
663 1952 806 2035 corporis
827 1959 928 2033 parte,
986 1958 1036 2011 tur
1050 1950 1191 2033 capitulo
1208 1969 1216 2014 :
1233 1953 1319 2035 quod
1340 1972 1404 2016 non
1420 1952 1604 2017 servabatur
1618 1953 1652 2015 in
1674 1972 1729 2015 an-

176 2051 333 2132 quoniam
356 2070 414 2133 per
428 2051 574 2118 anditum
595 2051 709 2114 didicit
731 2060 762 2115 et
784 2050 929 2133 percepit
985 2048 1059 2111 cilla
1078 2049 1224 2127 Hebraea3
1246 2050 1311 2113 imo
1326 2050 1381 2132 qui
1401 2069 1471 2113 eam
1491 2051 1537 2113 sic
1558 2051 1731 2134 percussis-

177 2150 230 2231 jus
252 2150 479 2232 hujuscemodi
502 2149 669 2214 libertatis.
687 2149 822 2214 Auditus
836 2149 930 2231 quip
985 2154 1043 2225 set,
1070 2146 1168 2210 simili
1194 2168 1296 2231 poenae
1321 2149 1491 2231 subjacuit.
1518 2150 1597 2213 Huic
1622 2158 1728 2213 autem

179 2268 230 2330 pe,
241 2268 357 2313 sensus
373 2258 421 2313 est
436 2249 681 2331 disciplinam
696 2252 759 2309 erit
773 2252 804 2309 ei
818 2268 929 2309 εενυαε
985 2245 1177 2328 expositioni
1198 2248 1299 2329 magis
1320 2266 1496 2311 consonare
1516 2248 1666 2312 videntur
1686 2267 1731 2311 se·

179 2351 215 2409 in
229 2353 402 2421 seculum,
418 2348 479 2411 hoc
501 2357 560 2426 est,
577 2349 785 2430 quoadusque
808 2365 931 2409 manse·
985 2345 1128 2427 quentia.

180 2448 222 2509 rit
244 2448 371 2525 vivens,
395 2448 446 2511 vel
471 2466 572 2529 usque
596 2448 634 2510 ad
657 2446 822 2529 jubileum
848 2446 931 2509 iorte
1026 2448 1066 2507 Si
1089 2447 1293 2523 displicraerit
1316 2448 1418 2508 oculis
1441 2450 1570 2509 domini
1591 2450 1656 2521 sui,
1673 2450 1729 2508 arri

180 2546 349 2628 majorem,
373 2545 611 2628 quantumlibet
632 2546 739 2608 distet.
763 2545 841 2607 Nam
864 2552 932 2606 tan·
987 2546 1110 2605 tradita
1124 2546 1241 2624 fuerit,
1257 2545 1289 2607 id
1309 2554 1368 2623 est,
1386 2546 1437 2609 cui
1453 2547 1584 2610 vendita
1597 2555 1675 2624 erat,
1694 2554 1730 2609 ut

180 2654 248 2707 tum
260 2646 403 2727 spatium
415 2646 496 2709 solet
511 2645 663 2709 seculum
675 2644 931 2727 appellarildem
986 2644 1056 2724 ejus
1068 2661 1172 2706 mores
1188 2644 1234 2706 sie
1244 2644 1451 2726 experiretur,
1461 2645 1505 2707 ita
1519 2647 1604 2727 quod
1619 2646 1650 2709 ei
1665 2664 1730 2709 non

179 2764 310 2826 qunque
334 2744 581 2825 intelligendum
604 2752 653 2807 εει
673 2744 712 2807 de
734 2744 862 2807 ancilla.
881 2744 932 2807 Se
986 2741 1091 2824 placet
1106 2742 1146 2805 ad
1165 2742 1340 2805 ineundum
1362 2763 1434 2806 cunr
1455 2763 1492 2807 ea
1511 2744 1728 2819 connubium;

180 2845 324 2907 cundum
350 2843 504 2907 Thomam
535 2843 606 2905 talis
632 2842 749 2905 mansit
780 2851 933 2926 perpetue
986 2842 1129 2902 dimittet
1150 2861 1222 2902 eam
1244 2839 1393 2920 liberam,
1419 2843 1514 2906 etiam
1539 2851 1613 2907 ante
1637 2844 1732 2927 septi-

181 2962 306 3006 servus.
987 2959 1075 3001 mum
1090 2957 1222 3018 annum,
1235 2939 1312 3021 quia
1327 2959 1391 3004 non
1406 2949 1475 3004 erat
1489 2942 1519 3004 ei
1536 2943 1678 3005 traducta
1694 2943 1732 3004 ii-

237 3040 390 3123 Sequitur
420 3039 509 3103 aliud
537 3039 690 3122 judiciale
721 3049 930 3123 preceptum,
949 3038 972 3103 G
989 3038 1105 3101 naliter
1124 3037 1165 3101 ob
1184 3037 1381 3116 servitutem,
1398 3040 1454 3103 sed
1474 3049 1604 3122 propter
1622 3041 1733 3121 conju-

182 3141 268 3221 quod
290 3139 370 3203 satis
390 3139 538 3203 intricate
555 3140 589 3203 in
611 3148 697 3203 textu
720 3138 929 3222 exprimitur;
986 3138 1087 3219 glum.
1104 3140 1231 3215 Populo
1245 3147 1352 3199 autem
1369 3140 1474 3199 alieno
1491 3142 1652 3200 vendendi
1665 3160 1732 3201 raon

183 3238 345 3320 siquidem
366 3237 528 3318 legislator
544 3238 623 3301 illud
641 3237 852 3302 describendo
870 3247 934 3301 stu·
988 3238 1113 3298 babebit
1131 3246 1328 3313 potestatem,
1348 3239 1379 3297 si
1397 3240 1551 3316 spreverit
1574 3259 1646 3301 eam
1661 3259 1672 3299 .·
1696 3238 1731 3301 id

184 3337 251 3399 duit
277 3338 440 3401 brevitati.
466 3340 505 3399 Si
526 3340 600 3417 quis
622 3340 805 3398 vendiderit
827 3339 934 3415 filiam
988 3344 1047 3413 est,
1065 3334 1092 3397 si
1107 3334 1287 3417 despexerit
1301 3354 1371 3398 eam
1392 3335 1426 3398 in
1442 3338 1612 3419 conjugem
1629 3357 1733 3401 sume-

183 3457 277 3497 auam
301 3439 339 3497 in
360 3438 537 3514 samniam,
561 3456 627 3498 nora
648 3438 831 3514 epredictrtr
851 3436 934 3497 sicut
989 3453 1033 3511 re,
1052 3452 1117 3497 non
1141 3430 1273 3497 habebit
1297 3434 1460 3498 licentiam
1482 3438 1641 3501 vendendi
1663 3456 1733 3500 eam

184 3537 315 3597 annitar
330 3538 421 3595 entre
435 3534 788 3597 obtemperaverimus
806 3534 865 3596 ἰειε
879 3534 935 3595 du·
989 3532 1109 3614 populo
1133 3532 1239 3595 alieno
1264 3551 1320 3595 seu
1341 3532 1437 3596 alicui
1460 3533 1592 3598 alterius
1616 3537 1732 3617 gentis,

183 3632 312 3715 pliciter
333 3632 516 3715 exponitur.
541 3632 657 3710 Primo,
680 3633 856 3696 secundum
879 3632 934 3694 lla-
989 3631 1064 3713 quia
1077 3632 1127 3711 (ut
1141 3632 1261 3693 dictum
1277 3634 1339 3712 cst)
1354 3641 1481 3695 tenetur
1501 3652 1572 3696 eam
1591 3634 1732 3697 dimitte-

184 3730 305 3795 banum
331 3740 363 3795 et
386 3718 514 3795 Petrum
539 3731 766 3807 comestorem,
792 3730 832 3793 de
857 3748 935 3794 ven·
991 3749 1035 3792 re.
1052 3732 1115 3792 Sin
1135 3740 1257 3801 antem,
1273 3730 1305 3791 id
1325 3739 1384 3807 est,
1402 3732 1429 3793 si
1444 3734 1514 3810 filio
1529 3753 1587 3793 suo
1601 3736 1735 3811 despon-

185 3831 308 3896 ditione
334 3830 415 3893 iiliae
430 3830 568 3893 llebraeae
591 3830 624 3892 in
647 3828 873 3905 concubinam,
891 3830 936 3891 ita
990 3829 1074 3889 derit
1095 3829 1299 3905 raimberto
1323 3850 1442 3891 morem
1465 3833 1617 3908 filiarum
1636 3833 1735 3909 faciet

184 3932 270 4013 quod
281 3928 420 3993 serviret
430 3929 561 3992 dominc
572 3947 642 3992 eam
653 3928 772 3991 ementi
786 3927 818 3990 in
833 3928 933 3991 lecto:
993 3928 1054 3997 itti,
1073 3926 1178 4004 idest,
1195 3927 1301 3990 dotem
1322 3927 1442 3991 tribuet
1457 3928 1498 4005 ei,
1511 3937 1546 3991 ut
1562 3928 1637 3991 fieri
1653 3929 1735 3992 solet

183 4040 214 4091 et
236 4030 270 4091 in
294 4029 350 4091 tali
376 4048 452 4091 casu
472 4028 623 4091 dominus
649 4046 713 4091 non
734 4027 839 4109 potuit
863 4046 932 4091 eam
990 4024 1107 4105 puellis
1131 4043 1202 4105 que
1223 4025 1467 4107 desponsantur.
1493 4028 1585 4095 Quod
1605 4028 1635 4087 si
1657 4030 1735 4087 alte-

181 4127 354 4210 expellere,
364 4127 448 4189 sicut
458 4126 609 4190 ancillam
620 4127 792 4188 dumtaxat.
802 4125 890 4199 Quod
906 4126 933 4187 si
989 4144 1063 4183 ram
1085 4124 1115 4182 ei
1136 4124 1304 4200 occeperit,
1327 4123 1358 4185 id
1381 4133 1442 4200 est,
1467 4122 1615 4188 filiosuo
1637 4125 1732 4187 aliam

182 4228 253 4289 istis
268 4225 453 4309 objiciatur,
471 4226 556 4306 qnod
573 4224 715 4288 venditio
732 4224 766 4285 in
782 4224 936 4287 concubi·
952 4224 977 4285 D
991 4221 1114 4283 dederit
1128 4221 1296 4302 conjugem
1312 4231 1427 4303 prreter
1441 4222 1639 4304 praedictam,
1656 4242 1736 4305 quo-

183 4345 258 4388 nam
274 4326 338 4388 luit
359 4324 483 4400 illicita,
501 4342 600 4405 quum
620 4322 728 4386 omnis
744 4321 936 4397 concubitus
991 4319 1078 4382 niam
1101 4338 1184 4382 unus
1205 4328 1329 4403 poterat
1349 4319 1467 4385 babere
1487 4321 1595 4404 plures
1611 4341 1736 4401 uxores,

185 4443 250 4487 non
269 4422 462 4505 conjugalis,
480 4421 571 4484 sitin
592 4422 661 4504 lege
677 4420 871 4504 prohibitus,
890 4420 937 4483 di·
990 4420 1042 4484 vel
1059 4420 1086 4481 si
1101 4420 1194 4482 istam
1211 4420 1394 4501 praedictam
1412 4419 1523 4485 iecerit
1541 4422 1702 4504 repudiari
1717 4442 1737 4484 a

185 4532 264 4586 cunt
278 4522 367 4603 quod
383 4521 468 4583 istud
485 4519 546 4582 init
562 4518 741 4601 permissio,
761 4538 824 4584 non
842 4518 936 4583 liren-
993 4520 1062 4582 lilio
1079 4537 1153 4594 suo;
1166 4520 1349 4597 providebit
1360 4524 1479 4596 puettae
1494 4523 1629 4599 nuptias
1645 4531 1675 4581 et
1689 4542 1738 4582 ve-

188 4620 289 4697 tiatio,
307 4620 354 4683 ita
374 4619 461 4700 quod
484 4616 546 4680 luit
566 4616 705 4681 Hebraeis
730 4618 936 4700 permissum,
991 4620 1153 4690 stimeota,
1170 4628 1199 4677 et
1209 4619 1355 4695 pretium
1368 4620 1542 4696 pudicitior
1561 4640 1627 4681 uara
1642 4639 1737 4697 nepa·

188 4728 320 4801 propter
335 4736 447 4781 eorum
463 4715 632 4779 libidinem
643 4716 826 4798 aliqualiter
843 4715 939 4780 relre·
993 4718 1039 4777 bit
1054 4737 1066 4776 .·
1081 4714 1114 4777 id
1130 4723 1187 4793 est,
1206 4715 1332 4778 mulieri
1349 4716 1393 4779 ito
1408 4715 1540 4797 abjecta
1555 4716 1738 4799 providebit

189 4818 329 4880 nandam
354 4833 361 4877 :
386 4816 655 4896 quemadmodum
682 4815 757 4877 dare
779 4814 938 4877 extraneis
993 4815 1059 4876 suis
1083 4813 1230 4896 expensis
1250 4814 1290 4877 de
1313 4814 1376 4878 alio
1402 4815 1482 4892 viro,
1500 4824 1533 4878 et
1558 4816 1737 4879 necessaria

187 4916 227 4977 ad
244 4934 370 4991 usuras,
387 4922 518 4996 propter
528 4932 638 4977 eorum
654 4912 862 4995 cupiditatem
879 4912 939 4976 ire-
993 4912 1189 4976 ministrabit
1203 4932 1261 4995 pro
1277 4915 1410 4995 eoquod
1425 4933 1444 4976 a
1459 4913 1531 4978 filio
1546 4935 1603 4979 sno
1614 4924 1739 4979 estcor·

189 5016 328 5077 nandam
343 5013 430 5075 circa
446 5012 611 5094 proprium
627 5011 843 5093 populum3et
857 5012 940 5075 sicut
994 5020 1097 5095 rupta,
1121 5010 1181 5073 etsi
1203 5011 1272 5093 ipsa
1293 5012 1430 5075 voluerit
1454 5013 1589 5075 alterum
1612 5033 1738 5077 sumere

188 5114 264 5176 dare
279 5111 427 5175 libellum
445 5111 582 5192 repudii,
596 5129 635 5173 ne
650 5108 872 5173 crudelitatem
891 5130 940 5174 ex·
993 5111 1109 5172 virum.
1127 5112 1167 5172 Si
1181 5112 1244 5172 iata
1261 5113 1326 5171 tria
1339 5132 1405 5172 uon
1419 5113 1545 5189 feeerit,
1558 5112 1590 5175 id
1606 5120 1654 5176 est
1670 5112 1738 5175 nul-

189 5220 334 5275 ercerent
358 5210 392 5272 in
414 5210 571 5291 conjuges,
589 5229 672 5272 suas.
690 5208 752 5272 Nec
773 5208 851 5272 dicit
873 5210 940 5273 baec
995 5210 1062 5272 lum
1078 5208 1175 5271 trium
1191 5208 1478 5290 praedictorumita
1493 5212 1578 5292 quod
1595 5230 1653 5274 nec
1668 5212 1738 5293 ipse

190 5310 352 5388 littera,ut
368 5306 428 5371 liat
443 5306 516 5371 talis
528 5307 679 5386 venditio,
688 5308 744 5371 sed
760 5308 838 5390 quid
848 5326 940 5389 agen·
995 5328 1065 5371 eam
1081 5307 1204 5390 accepit
1218 5326 1360 5387 uxorem,
1374 5327 1432 5372 nco
1448 5308 1518 5372 filio
1534 5310 1739 5373 suotradidit
