4309 6259
425 491 485 558 tta

824 509 997 556 manuario
1019 510 1049 555 nl
1071 481 1142 554 aaa
1162 507 1248 553 xnrn
1268 507 1404 553 mvnrcn
1422 525 1463 537 -
1483 507 1554 552 aar.
1577 508 1594 552 t

426 683 577 766 qnoniam
595 683 627 744 in
644 690 735 745 aetate
752 690 814 744 tarn
831 689 938 744 tenera
954 681 1058 744 minor
1074 681 1208 762 appa-A
1225 699 1289 742 suaa
1311 677 1528 760 deputationis
1547 678 1586 738 ad
1607 675 1884 753 sacrificationem,
1901 676 1965 758 jam

427 785 474 844 r'et
496 780 652 862 elegantia
671 780 804 843 masculi
829 781 911 842 ultra
932 779 1103 856 femellam,
1119 779 1169 841 rel

426 880 502 962 quia
518 879 702 961 frequentor
719 888 794 941 tune
810 879 890 942 mori
908 880 1021 942 solent.
1035 884 1171 956 Serape-

426 981 543 1040 uurr'us
557 989 587 1039 et
603 983 691 1039 ultra
708 982 869 1038 masculus
878 981 968 1040 dudit
984 981 1170 1058 quindecim

424 1077 573 1148 sir-tos,id
599 1085 656 1150 est,
675 1077 700 1138 si
727 1076 799 1158 quis
824 1096 843 1138 a
868 1077 1061 1156 sexagesimo
1087 1094 1171 1138 anno

426 1175 476 1238 vel
503 1174 616 1256 majori
637 1184 668 1238 et
693 1175 837 1238 ulteriori
862 1182 953 1238 aetate
977 1174 1113 1237 voluerit
1137 1193 1172 1236 se

427 1273 583 1336 redimere
606 1293 625 1336 a
644 1282 718 1336 voto
739 1291 803 1354 quo
826 1273 913 1336 vovit
935 1292 969 1336 se
991 1275 1064 1349 Dec,
1083 1272 1172 1335 dabit

427 1389 485 1453 pro
511 1390 568 1433 sua
594 1371 813 1453 redemptione
838 1371 1021 1452 quindecim
1048 1370 1169 1444 siclos3

427 1471 586 1542 mulierss
612 1473 730 1532 decem.
758 1470 805 1532 Ab
828 1470 884 1532 illa
915 1489 1051 1550 namque
1080 1478 1172 1532 astate

427 1568 516 1632 valor
526 1567 586 1630 viri
602 1567 740 1631 delicere
757 1569 946 1650 incipit,nec
958 1577 1081 1630 tantum
1098 1568 1173 1631 emi·

429 1674 483 1728 net
503 1665 647 1729 mulieris
671 1666 769 1729 valori
791 1675 825 1728 ut
848 1674 931 1744 ante,
945 1686 1003 1730 nec
1027 1667 1067 1728 ad
1089 1667 1174 1728 bella

428 1773 522 1846 aptus
538 1764 665 1827 videtur
683 1782 690 1827 :
709 1765 780 1828 ideo
793 1765 899 1827 minus
915 1774 989 1828 tuno
1005 1765 1103 1841 dedit,
1114 1784 1173 1828 nec

1224 780 1394 860 quamdam
1405 777 1673 840 consecrationem
1683 783 1890 839 consecutum
1900 794 1967 837 een·

1225 887 1323 940 setur.

1259 979 1396 1038 Animal
1407 977 1722 1052 r'mruundum,quod
1732 975 1901 1033 r‘rnmolurr'
1910 977 1968 1034 Do

1225 1078 1314 1136 mino
1340 1096 1404 1135 non
1431 1084 1546 1150 potest,
1572 1075 1602 1132 si
1625 1073 1698 1152 quis
1723 1075 1856 1132 voverit.
1883 1071 1969 1132 Istud

1226 1174 1400 1236 secundum
1422 1171 1564 1235 Glossam
1587 1178 1670 1232 stare
1690 1189 1753 1232 non
1774 1178 1887 1251 potest,
1906 1189 1969 1233 non

1225 1273 1310 1335 onim
1330 1271 1420 1333 licuit
1437 1270 1601 1332 immunda
1616 1269 1766 1331 animalia
1783 1269 1847 1332 Deo
1861 1270 1972 1332 voveri

1226 1379 1281 1434 aut
1297 1368 1698 1432 immolari.llerumtamen
1715 1367 1803 1431 salva
1815 1366 1974 1430 bacillos-

1227 1490 1261 1532 sa
1276 1466 1599 1543 interlineari,dioere
1615 1485 1794 1548 possumus,
1804 1467 1891 1547 qnod
1907 1467 1975 1528 ani·

1227 1569 1289 1631 mal
1306 1566 1505 1629 immundum
1518 1585 1604 1627 nunc
1615 1565 1804 1646 appellatur,
1812 1584 1876 1628 non
1887 1567 1975 1646 quod

1228 1667 1402 1730 seeundum
1420 1665 1520 1744 legem
1538 1663 1718 1726 neeollerri
1734 1664 1876 1726 licetnec
1887 1684 1976 1727 man·

1228 1766 1348 1842 durari,
1366 1766 1421 1827 sed
1437 1765 1522 1846 quod
1539 1783 1594 1845 por
1611 1763 1858 1838 immunditiam,
1877 1764 1976 1826 idest

429 1863 563 1944 duplum
586 1871 732 1945 respectu
753 1862 891 1926 lemine.
911 1864 1017 1945 ltaque
1036 1866 1211 1945 quatuorll
1229 1864 1360 1927 maculae
1385 1860 1619 1925 deformitatem
1647 1879 1703 1923 seu
1731 1863 1975 1925 monstruosita-

1230 1973 1293 2026 tem
1313 1971 1368 2024 aut
1382 1960 1579 2024 debilitatem
1600 1958 1758 2022 immolari
1774 1978 1838 2023 non
1856 1970 1973 2042 potest,

1230 2061 1376 2143 quamvis
1398 2079 1435 2122 ex
1457 2079 1515 2121 sua
1536 2058 1642 2140 specie
1664 2057 1860 2122 immolabile
1877 2069 1973 2122 esset.

1231 2162 1305 2223 Tale
1330 2160 1438 2240 itaque
1462 2156 1580 2220 animal
1597 2161 1776 2218 adducetur
1798 2177 1818 2219 a
1837 2167 1975 2221 vovente

1231 2270 1306 2320 onte
1329 2261 1533 2328 sacerdotem,
1564 2259 1623 2335 qui
1647 2257 1837 2333 dijudicans
1863 2268 1976 2318 utrum

1231 2362 1349 2418 bortum
1374 2360 1423 2415 rel
1441 2358 1565 2416 titulum
1585 2357 1640 2426 sit,
1664 2352 1696 2416 id
1721 2363 1770 2417 est
1793 2363 1904 2437 aptum
1928 2355 1976 2418 ol-

428 1962 545 2042 gradus
560 1961 661 2024 aetatis
677 1962 816 2043 expressi
834 1981 918 2025 nunc
934 1971 1174 2045 sunt,perquos

429 2061 478 2139 (ut
500 2062 645 2142 apparet)
665 2059 718 2122 alii
746 2060 1060 2142 proportionabiliter
1085 2070 1176 2124 orant

430 2159 570 2220 taxandi.

470 2259 510 2318 St
525 2277 653 2335 pauper
669 2259 773 2334 suerit
791 2257 889 2338 isqui
908 2276 942 2320 se
958 2265 1013 2320 aul
1034 2258 1176 2321 sobolem

432 2374 520 2418 suam
544 2356 686 2418 nondum
704 2355 820 2418 adulta
837 2355 938 2418 astatis
953 2357 1041 2419 vovit
1056 2358 1130 2434 Deo,
1147 2368 1177 2418 et

431 2454 690 2522 aestimationem,
711 2451 743 2514 id
764 2461 812 2514 cst
837 2453 1059 2533 quantitatem,
1076 2455 1178 2531 pretii

432 2553 564 2611 reddere
576 2571 638 2611 uon
654 2553 771 2611 valebit
784 2569 841 2632 pro
857 2571 914 2613 sna
929 2562 983 2614 aut
998 2551 1097 2634 prolis
1114 2571 1178 2614 suat

433 2649 672 2730 redemption03
699 2651 796 2710 stabit
820 2670 927 2710 coram
947 2655 1121 2719 sacerdote,
1145 2651 1178 2713 id

434 2747 648 2824 est,saoerd0ti
665 2747 704 2809 ad
720 2747 779 2810 hoc
791 2748 941 2829 deputato
950 2769 1076 2812 eausam
1088 2770 1177 2811 suam

435 2845 641 2928 inopiamque
666 2855 801 2928 exponet
826 2855 857 2910 et
881 2846 1127 2929 comprobabit3
1149 2859 1179 2909 et

434 2955 595 3025 quantum
608 2947 757 3026 itte,puta
769 2946 914 3008 sacerdos
926 2945 1180 3025 discretusesti-

1233 2456 1308 2519 terri
1327 2455 1377 2518 rel
1402 2473 1477 2530 non,
1494 2464 1612 2514 statuet
1623 2457 1781 2533 pretium,
1799 2453 1830 2515 id
1847 2463 1907 2531 est,
1924 2455 1977 2517 de-

1234 2552 1417 2617 terminabit
1441 2559 1595 2634 quantnm
1620 2552 1759 2614 dandum
1784 2552 1826 2613 sit
1851 2571 1909 2634 pro
1932 2573 1978 2615 re-

1232 2652 1415 2734 demptione
1431 2650 1613 2731 hnjusmodi
1632 2649 1789 2728 animalis,
1808 2641 1977 2732 postquam

1232 2749 1423 2832 judicaverit
1438 2749 1543 2831 ipsum
1558 2748 1677 2810 animal
1696 2767 1760 2811 non
1776 2767 1847 2811 esse
1866 2749 1978 2813 immo

1234 2849 1387 2912 laticium.
1411 2851 1502 2918 Qtrod
1524 2846 1662 2928 pretium
1683 2849 1713 2906 si
1733 2849 1814 2907 dare
1835 2851 1978 2910 noluerit

1234 2950 1329 3027 isqui
1343 2951 1445 3023 offert,
1455 2945 1487 3007 id
1503 2954 1561 3022 est,
1574 2945 1602 3006 si
1619 2944 1674 3007 ille
1689 2944 1745 3026 qui
1760 2945 1879 3007 animal
1897 2946 1977 3009 illud

435 3045 623 3116 moverit,et
634 3045 753 3104 viderit
768 3065 842 3104 eum
853 3065 943 3122 posse
958 3049 1100 3116 reddere,
1111 3056 1179 3106 tau·
1198 3051 1220 3113 C
1235 3047 1379 3127 ineptum
1399 3043 1530 3106 adduxit
1551 3044 1590 3105 ad
1613 3043 1826 3120 offerendum,
1840 3063 1903 3106 non
1924 3065 1979 3108 vo-

437 3153 505 3203 tum
519 3144 633 3203 dabit:
648 3142 800 3223 quoniam
821 3143 904 3205 ultra
925 3143 1009 3206 vires
1032 3143 1092 3206 viri
1116 3163 1179 3207 non

435 3240 504 3304 vult
519 3241 600 3303 Deus
618 3240 683 3302 ulla
699 3239 830 3322 requiri.

476 3340 614 3399 Animal
638 3348 746 3399 autem
771 3343 855 3417 quod
886 3342 1051 3401 immolari
1076 3351 1179 3418 potest

436 3439 586 3508 Domino,
608 3438 638 3496 si
661 3439 735 3514 quis
760 3440 893 3507 voverit,
915 3438 946 3500 id
971 3447 1029 3514 est,
1054 3439 1081 3500 si
1106 3439 1179 3520 quis

438 3534 692 3616 promiseritlleo
708 3534 874 3598 immolare
889 3536 1007 3598 animal
1024 3537 1051 3598 ei
1068 3545 1179 3619 aptum

437 3631 562 3709 ollerri,
575 3641 610 3696 ut
631 3642 706 3695 sunt
729 3633 795 3710 boa,
813 3633 881 3696 ovis
899 3643 931 3696 et
951 3654 1055 3716 capra,
1078 3636 1181 3700 doior-

438 3731 557 3793 mitatis
577 3731 734 3794 maculam
757 3751 820 3795 non
843 3732 995 3795 habentes
1009 3758 1016 3808 3
1032 3746 1180 3796 sanetum

436 3833 509 3901 erit,
526 3829 632 3906 idest,
649 3830 688 3892 ad
709 3829 762 3892 llei
780 3830 933 3894 honorem
954 3830 1130 3900 offeretur:
1151 3843 1181 3894 et

436 3930 562 3988 mutari
577 3949 641 3988 non.
652 3931 784 4005 poterit,
800 3931 837 3989 id
851 3939 896 3990 est
911 3951 966 3990 uec
981 3933 1098 3990 melius
1113 3953 1181 3992 ma-

437 4030 480 4094 to,
500 4046 557 4087 nec
577 4027 673 4104 pejus
698 4028 785 4097 bono,
811 4026 842 4088 id
868 4035 927 4102 est,
949 4027 1036 4089 aliud
1062 4027 1178 4091 animal

437 4141 494 4205 pro
516 4123 585 4205 ipso
602 4122 714 4186 ollerri
731 4142 793 4186 non
815 4123 935 4200 licebit,
954 4125 1021 4189 sive
1035 4125 1123 4189 aliud
1139 4127 1180 4188 sit

1235 3144 1331 3207 luerit
1341 3143 1446 3225 ipsum
1463 3141 1619 3204 redimere
1635 3161 1706 3204 cum
1725 3142 1827 3223 pretio
1842 3162 1861 3204 a
1876 3163 1979 3206 sacer-

1234 3243 1308 3306 dote
1325 3250 1439 3316 taxato,
1456 3240 1511 3302 sed
1532 3239 1683 3302 rehabere
1699 3239 1836 3303 voluerit
1858 3241 1978 3304 animal

1236 3340 1314 3402 illud
1328 3364 1335 3413 ;
1348 3343 1444 3399 aeldrt
1457 3360 1558 3416 supra
1572 3340 1816 3399 (estimationem
1826 3342 1978 3418 qrrintom

1230 3449 1370 3516 partem,
1383 3437 1415 3498 id
1430 3445 1489 3512 est,
1508 3455 1564 3518 pro
1579 3435 1710 3498 animali
1727 3435 1782 3498 illo
1798 3437 1980 3502 rebabendo

1235 3536 1323 3600 dabit
1339 3535 1476 3617 pretium
1493 3555 1511 3597 a
1527 3535 1690 3598 sacerdote
1706 3543 1870 3613 statutum,
1887 3546 1920 3599 et
1935 3537 1980 3599 ul-

1236 3645 1283 3697 tra
1304 3634 1364 3696 hoc
1386 3633 1530 3714 quintam
1552 3641 1674 3714 partem
1700 3633 1787 3695 illius
1809 3634 1916 3715 pretii,
1936 3635 1979 3697 ita

1235 3733 1319 3814 quod
1334 3731 1438 3793 carius
1454 3740 1537 3793 emet
1551 3730 1669 3792 animal
1686 3730 1776 3806 illud,
1786 3750 1882 3812 quam
1898 3752 1980 3794 eme

1236 3840 1323 3894 retur
1347 3830 1387 3892 ab
1412 3828 1486 3890 alio.
1509 3829 1605 3908 Cujus
1630 3847 1758 3890 causam
1783 3829 1979 3910 expositores

1235 3929 1407 4007 assignant,
1425 3926 1569 3989 dicentes
1588 3943 1595 3985 ε
1612 3926 1656 3987 Ne
1672 3935 1823 3990 voventes
1837 3928 1980 4010 adspira-

1236 4035 1307 4088 ront
1321 4027 1360 4087 ad
1376 4024 1595 4088 rehabendum
1611 4025 1695 4104 quod
1712 4033 1874 4101 voverant,
1885 4026 1978 4107 quasi

1235 4123 1422 4206 poenitentia
1438 4122 1537 4197 ducti,
1556 4121 1666 4202 sieque
1681 4131 1788 4185 votum
1804 4143 1916 4186 eorum
1930 4145 1979 4187 es

436 4219 565 4296 molius,
592 4221 659 4283 sive
689 4221 780 4302 pejus
808 4240 815 4283 ε
843 4223 993 4302 quoniam
1024 4224 1104 4286 illud
1134 4226 1180 4287 sie
1196 4227 1219 4288 u
1234 4232 1282 4285 set
1304 4223 1498 4303 inacceptins
1521 4223 1581 4283 lleo
1595 4245 1602 4296 ;
1618 4239 1658 4282 ne
1677 4219 1773 4282 etiam
1795 4230 1978 4303 reputarent

437 4320 499 4381 lleo
510 4317 709 4399 promissum,
719 4339 756 4382 ox
768 4319 952 4401 hujusmodi
969 4323 1180 4403 promissione

435 4417 606 4497 qnamdam
632 4416 835 4480 idoneitatem
857 4427 888 4480 ot
908 4422 1179 4484 consecrationem

435 4515 473 4576 ad
486 4533 523 4576 ea
537 4533 608 4595 quaa
618 4515 672 4578 Dei
690 4524 774 4593 sunt,
788 4516 933 4579 sortitum
951 4518 1083 4580 videtur.
1090 4524 1180 4588 Quod

434 4616 464 4672 si
485 4617 671 4684 mutaverit,
688 4613 720 4675 id
743 4623 802 4690 est,
826 4615 852 4676 si
874 4634 992 4679 vovens
1013 4617 1180 4681 adduxerit

434 4711 520 4773 aliud
541 4711 659 4774 animal
682 4713 721 4774 ad
745 4712 974 4782 immolandum
992 4734 1048 4797 pro
1064 4716 1132 4793 illo,
1149 4729 1178 4778 et

434 4812 539 4886 ipsum
564 4814 649 4890 quod
670 4821 832 4872 inuictum
854 4823 908 4888 est,
929 4813 960 4873 id
985 4821 1034 4876 est
1058 4815 1176 4878 animal

434 4907 620 4989 deputatum
636 4907 750 4970 offerri
772 4928 829 4990 pro
849 4909 912 4972 alio
934 4912 1089 4992 perviam
1110 4933 1178 4975 mu-

434 5005 574 5083 tationiS,
586 5017 616 5066 et
633 5009 718 5066 r'lltul
728 5027 789 5084 pro
804 5029 866 5087 qtro
882 5021 1042 5071 mutatum
1054 5022 1110 5084 est,
1121 5012 1178 5075 sei-

433 5104 507 5168 lioet
517 5104 635 5167 animal
647 5105 735 5186 prius
747 5106 1176 5187 promissumcousceratum

431 5206 493 5264 erit
509 5205 647 5264 Domino
658 5224 669 5262 .·
687 5201 729 5264 ita
745 5204 828 5283 quod
846 5214 1016 5286 utrumque
1032 5207 1177 5272 immola-

432 5301 518 5366 bitur
533 5301 607 5376 Deo,
624 5299 699 5382 quia
715 5309 746 5362 et
761 5301 840 5363 illud
855 5303 1041 5382 secundum,
1052 5307 1175 5370 ratione

1234 4340 1268 4382 se
1293 4321 1454 4400 digniores
1480 4321 1513 4380 in
1538 4319 1700 4400 emptione
1725 4319 1835 4381 talium
1858 4340 1975 4400 rerum,

1233 4419 1310 4502 quia
1324 4420 1477 4481 dederant
1494 4437 1558 4481 eas.

1272 4517 1363 4580 Circa
1384 4517 1450 4579 haee
1473 4516 1585 4578 scribit
1603 4515 1711 4577 Petrus
1726 4514 1888 4577 Comestor
1904 4534 1912 4578 :
1930 4517 1978 4578 Di-

1234 4616 1458 4695 stinguendum
1480 4624 1527 4676 ost
1543 4615 1582 4677 do
1601 4613 1783 4694 hujusmodi
1807 4613 1898 4677 votis.
1916 4616 1978 4677 nti-

1233 4714 1361 4796 quando
1377 4713 1464 4776 enim
1479 4712 1601 4792 aliquid
1618 4732 1655 4774 ex
1671 4720 1744 4774 voto
1759 4711 1979 4776 sanctificaba-

1234 4821 1284 4874 tur
1294 4811 1589 4891 sieDomino‚quod
1600 4809 1935 4888 anathematizabatur,
1945 4812 1977 4873 id

1232 4919 1281 4972 est
1297 4909 1513 4991 separabatur,
1537 4908 1580 4970 ita
1595 4916 1630 4969 ut
1644 4925 1682 4969 eo
1699 4907 1806 4968 nullus
1823 4917 1975 4984 uteretur,

1231 5016 1263 5071 et
1279 5017 1355 5069 tnnc
1372 5026 1435 5069 non
1457 5015 1581 5088 poterat
1596 5005 1690 5068 vendi
1707 5024 1725 5066 a
1746 5006 1974 5081 sacerdotibus,

1231 5107 1280 5170 vel
1307 5105 1466 5180 alienari;
1492 5106 1682 5185 quandoque
1707 5113 1812 5166 autern
1840 5122 1902 5166 non
1929 5106 1998 5174 sic,

1230 5204 1453 5284 obligabantur
1469 5202 1585 5278 votiva,
1604 5203 1659 5264 sed
1679 5210 1825 5284 poterant
1840 5223 1858 5264 a
1873 5222 1976 5265 sacer-

1230 5304 1358 5368 dotilms
1381 5302 1476 5366 vendi
1502 5301 1604 5384 pretio
1626 5299 1837 5363 determinato
1862 5320 1976 5364 secun·
