<?xml version="1.0" encoding="UTF-8"?>
<!DOCTYPE html PUBLIC "-//W3C//DTD XHTML 1.0 Transitional//EN"
    "http://www.w3.org/TR/xhtml1/DTD/xhtml1-transitional.dtd">
<html xmlns="http://www.w3.org/1999/xhtml" xml:lang="en" lang="en">
 <head>
  <title>
</title>
<meta http-equiv="Content-Type" content="text/html;charset=utf-8" />
  <meta name='ocr-system' content='tesseract 3.04.00' />
  <meta name='ocr-capabilities' content='ocr_page ocr_carea ocr_par ocr_line ocrx_word'/>
</head>
<body>
  <div class='ocr_page' id='page_1' title='image "./doctorisecstati00unkngoog_0147.png"; bbox 0 0 4309 6259; ppageno 0'>
   <div class='ocr_carea' id='block_1_1' title="bbox 584 500 1727 565">
    <p class='ocr_par' dir='ltr' id='par_1_1' title="bbox 584 500 1727 565">
     <span class='ocr_line' id='line_1_1' title="bbox 584 500 1727 565; baseline 0.001 -3"><span class='ocrx_word' id='word_1_1' title='bbox 584 517 758 563; x_wconf 77' lang='lat' dir='ltr'>nnnnnnrro</span> <span class='ocrx_word' id='word_1_2' title='bbox 779 518 810 563; x_wconf 88' lang='lat' dir='ltr'>ru</span> <span class='ocrx_word' id='word_1_3' title='bbox 831 518 898 564; x_wconf 78' lang='lat' dir='ltr'>can.</span> <span class='ocrx_word' id='word_1_4' title='bbox 922 518 986 565; x_wconf 83' lang='lat' dir='ltr'>xxx</span> <span class='ocrx_word' id='word_1_5' title='bbox 1007 518 1109 564; x_wconf 83' lang='lat' dir='ltr'>uxum.</span> <span class='ocrx_word' id='word_1_6' title='bbox 1131 537 1172 548; x_wconf 96' lang='lat'>-</span> <span class='ocrx_word' id='word_1_7' title='bbox 1192 519 1263 564; x_wconf 76' lang='lat' dir='ltr'>nur.</span> <span class='ocrx_word' id='word_1_8' title='bbox 1286 519 1336 563; x_wconf 84' lang='lat' dir='ltr'>mx</span> <span class='ocrx_word' id='word_1_9' title='bbox 1690 500 1727 563; x_wconf 75' lang='lat' dir='ltr'>ol</span> 
     </span>
    </p>
   </div>
   <div class='ocr_carea' id='block_1_2' title="bbox 182 688 1731 875">
    <p class='ocr_par' dir='ltr' id='par_1_2' title="bbox 182 688 1731 875">
     <span class='ocr_line' id='line_1_2' title="bbox 184 688 1728 774; baseline 0.001 -23"><span class='ocrx_word' id='word_1_10' title='bbox 184 707 247 753; x_wconf 93' lang='lat' dir='ltr'>non</span> <span class='ocrx_word' id='word_1_11' title='bbox 264 688 491 774; x_wconf 89' lang='lat' dir='ltr'>applicandum</span> <span class='ocrx_word' id='word_1_12' title='bbox 507 689 580 753; x_wconf 91' lang='lat' dir='ltr'>usui</span> <span class='ocrx_word' id='word_1_13' title='bbox 596 690 773 767; x_wconf 89' lang='lat' dir='ltr'>bominum,</span> <span class='ocrx_word' id='word_1_14' title='bbox 792 692 828 751; x_wconf 83' lang='lat' dir='ltr'>in</span> <span class='ocrx_word' id='word_1_15' title='bbox 840 691 970 767; x_wconf 71' lang='lat' dir='ltr'>pene-&#39;A</span> <span class='ocrx_word' id='word_1_16' title='bbox 985 690 1116 753; x_wconf 88' lang='lat' dir='ltr'>lacrima</span> <span class='ocrx_word' id='word_1_17' title='bbox 1141 690 1306 772; x_wconf 87' lang='lat' dir='ltr'>cujusdam</span> <span class='ocrx_word' id='word_1_18' title='bbox 1333 690 1450 767; x_wconf 77' lang='lat' dir='ltr'>borbat,</span> <span class='ocrx_word' id='word_1_19' title='bbox 1467 689 1582 751; x_wconf 91' lang='lat' dir='ltr'>similis</span> <span class='ocrx_word' id='word_1_20' title='bbox 1607 688 1728 767; x_wconf 87' lang='lat' dir='ltr'>ferulae,</span> 
     </span>
     <span class='ocr_line' id='line_1_3' title="bbox 182 758 1731 875; baseline 0.002 -26"><span class='ocrx_word' id='word_1_21' title='bbox 182 792 324 851; x_wconf 80' lang='lat' dir='ltr'>rationes</span> <span class='ocrx_word' id='word_1_22' title='bbox 336 794 552 852; x_wconf 72' lang='lat' dir='ltr'>vestrasearo</span> <span class='ocrx_word' id='word_1_23' title='bbox 562 792 704 851; x_wconf 79' lang='lat' dir='ltr'>leontinis</span> <span class='ocrx_word' id='word_1_24' title='bbox 715 811 778 850; x_wconf 78' lang='lat' dir='ltr'>raon</span> <span class='ocrx_word' id='word_1_25' title='bbox 790 758 944 875; x_wconf 57' lang='lat' dir='ltr'>erassatur]</span> <span class='ocrx_word' id='word_1_26' title='bbox 984 808 1083 870; x_wconf 86' lang='lat' dir='ltr'>grana</span> <span class='ocrx_word' id='word_1_27' title='bbox 1098 788 1218 853; x_wconf 89' lang='lat' dir='ltr'>babens</span> <span class='ocrx_word' id='word_1_28' title='bbox 1243 797 1278 851; x_wconf 86' lang='lat' dir='ltr'>ut</span> <span class='ocrx_word' id='word_1_29' title='bbox 1301 789 1384 866; x_wconf 84' lang='lat' dir='ltr'>laba,</span> <span class='ocrx_word' id='word_1_30' title='bbox 1402 798 1434 851; x_wconf 87' lang='grc' dir='ltr'>θῖ</span> <span class='ocrx_word' id='word_1_31' title='bbox 1449 798 1484 851; x_wconf 91' lang='lat' dir='ltr'>ut</span> <span class='ocrx_word' id='word_1_32' title='bbox 1498 808 1633 868; x_wconf 90' lang='lat' dir='ltr'>granum</span> <span class='ocrx_word' id='word_1_33' title='bbox 1650 789 1731 853; x_wconf 79' lang='lat' dir='ltr'>labat</span> 
     </span>
    </p>
   </div>
   <div class='ocr_carea' id='block_1_3' title="bbox 179 888 932 1864">
    <p class='ocr_par' dir='ltr' id='par_1_3' title="bbox 179 888 932 1864">
     <span class='ocr_line' id='line_1_4' title="bbox 179 888 929 970; baseline 0.003 -23"><span class='ocrx_word' id='word_1_34' title='bbox 179 908 278 960; x_wconf 70' lang='lat' dir='ltr'>ecco,</span> <span class='ocrx_word' id='word_1_35' title='bbox 298 888 330 950; x_wconf 94' lang='lat' dir='ltr'>id</span> <span class='ocrx_word' id='word_1_36' title='bbox 356 897 414 966; x_wconf 87' lang='lat' dir='ltr'>est,</span> <span class='ocrx_word' id='word_1_37' title='bbox 438 906 532 952; x_wconf 92' lang='lat' dir='ltr'>nemo</span> <span class='ocrx_word' id='word_1_38' title='bbox 557 907 672 970; x_wconf 92' lang='lat' dir='ltr'>corpus</span> <span class='ocrx_word' id='word_1_39' title='bbox 699 908 790 950; x_wconf 92' lang='lat' dir='ltr'>suum</span> <span class='ocrx_word' id='word_1_40' title='bbox 814 908 851 951; x_wconf 84' lang='lat' dir='ltr'>cx</span> <span class='ocrx_word' id='word_1_41' title='bbox 875 888 929 950; x_wconf 89' lang='lat' dir='ltr'>tali</span> 
     </span>
     <span class='ocr_line' id='line_1_5' title="bbox 180 987 928 1069; baseline -0.004 -19"><span class='ocrx_word' id='word_1_42' title='bbox 180 989 333 1051; x_wconf 88' lang='lat' dir='ltr'>unctione</span> <span class='ocrx_word' id='word_1_43' title='bbox 359 996 457 1067; x_wconf 89' lang='lat' dir='ltr'>unget</span> <span class='ocrx_word' id='word_1_44' title='bbox 482 994 537 1049; x_wconf 87' lang='lat' dir='ltr'>aut</span> <span class='ocrx_word' id='word_1_45' title='bbox 560 987 662 1051; x_wconf 87' lang='lat' dir='ltr'>liniet.</span> <span class='ocrx_word' id='word_1_46' title='bbox 683 987 799 1069; x_wconf 80' lang='lat' dir='ltr'>Aliqua</span> <span class='ocrx_word' id='word_1_47' title='bbox 824 995 928 1050; x_wconf 89' lang='lat' dir='ltr'>autem</span> 
     </span>
     <span class='ocr_line' id='line_1_6' title="bbox 179 1086 930 1171; baseline -0.004 -21"><span class='ocrx_word' id='word_1_48' title='bbox 179 1107 252 1171; x_wconf 89' lang='lat' dir='ltr'>pars</span> <span class='ocrx_word' id='word_1_49' title='bbox 269 1088 414 1169; x_wconf 90' lang='lat' dir='ltr'>corporis</span> <span class='ocrx_word' id='word_1_50' title='bbox 431 1106 542 1167; x_wconf 89' lang='lat' dir='ltr'>regum</span> <span class='ocrx_word' id='word_1_51' title='bbox 558 1096 653 1168; x_wconf 86' lang='lat' dir='ltr'>atque</span> <span class='ocrx_word' id='word_1_52' title='bbox 669 1086 930 1169; x_wconf 86' lang='lat' dir='ltr'>porrtilicum,aut</span> 
     </span>
     <span class='ocr_line' id='line_1_7' title="bbox 179 1187 931 1268; baseline -0.001 -18"><span class='ocrx_word' id='word_1_53' title='bbox 179 1187 276 1250; x_wconf 87' lang='lat' dir='ltr'>otiam</span> <span class='ocrx_word' id='word_1_54' title='bbox 298 1188 500 1250; x_wconf 75' lang='lat' dir='ltr'>sacerdotum</span> <span class='ocrx_word' id='word_1_55' title='bbox 521 1187 699 1267; x_wconf 86' lang='lat' dir='ltr'>ungebatur</span> <span class='ocrx_word' id='word_1_56' title='bbox 714 1204 752 1249; x_wconf 89' lang='lat' dir='ltr'>ox</span> <span class='ocrx_word' id='word_1_57' title='bbox 772 1205 809 1249; x_wconf 91' lang='lat' dir='ltr'>eo</span> <span class='ocrx_word' id='word_1_58' title='bbox 828 1206 835 1250; x_wconf 94' lang='lat'><strong>:</strong></span> <span class='ocrx_word' id='word_1_59' title='bbox 852 1205 931 1268; x_wconf 93' lang='lat' dir='ltr'>quo-</span> 
     </span>
     <span class='ocr_line' id='line_1_8' title="bbox 180 1285 929 1369; baseline -0.005 -18"><span class='ocrx_word' id='word_1_60' title='bbox 180 1287 268 1351; x_wconf 89' lang='lat' dir='ltr'>niam</span> <span class='ocrx_word' id='word_1_61' title='bbox 291 1287 446 1349; x_wconf 88' lang='lat' dir='ltr'>sublimes</span> <span class='ocrx_word' id='word_1_62' title='bbox 469 1305 613 1369; x_wconf 81' lang='lat' dir='ltr'>personae</span> <span class='ocrx_word' id='word_1_63' title='bbox 635 1286 670 1347; x_wconf 91' lang='lat' dir='ltr'>in</span> <span class='ocrx_word' id='word_1_64' title='bbox 693 1286 789 1347; x_wconf 90' lang='lat' dir='ltr'>tantis</span> <span class='ocrx_word' id='word_1_65' title='bbox 809 1285 929 1349; x_wconf 89' lang='lat' dir='ltr'>olliciis</span> 
     </span>
     <span class='ocr_line' id='line_1_9' title="bbox 180 1384 931 1463; baseline -0.004 -13"><span class='ocrx_word' id='word_1_66' title='bbox 180 1387 375 1463; x_wconf 78' lang='lat' dir='ltr'>constitutae,</span> <span class='ocrx_word' id='word_1_67' title='bbox 394 1394 484 1449; x_wconf 90' lang='lat' dir='ltr'>erant</span> <span class='ocrx_word' id='word_1_68' title='bbox 499 1386 629 1461; x_wconf 80' lang='lat' dir='ltr'>divinae,</span> <span class='ocrx_word' id='word_1_69' title='bbox 642 1394 673 1448; x_wconf 92' lang='lat' dir='ltr'>et</span> <span class='ocrx_word' id='word_1_70' title='bbox 690 1384 801 1448; x_wconf 85' lang='lat' dir='ltr'>vicarii</span> <span class='ocrx_word' id='word_1_71' title='bbox 812 1386 877 1463; x_wconf 88' lang='lat' dir='ltr'>Dei,</span> <span class='ocrx_word' id='word_1_72' title='bbox 888 1394 931 1448; x_wconf 91' lang='lat' dir='ltr'>at-</span> 
     </span>
     <span class='ocr_line' id='line_1_10' title="bbox 180 1483 927 1569; baseline -0.001 -21"><span class='ocrx_word' id='word_1_73' title='bbox 180 1505 243 1569; x_wconf 91' lang='lat' dir='ltr'>que</span> <span class='ocrx_word' id='word_1_74' title='bbox 260 1485 346 1549; x_wconf 89' lang='lat' dir='ltr'>inter</span> <span class='ocrx_word' id='word_1_75' title='bbox 357 1486 456 1549; x_wconf 89' lang='lat' dir='ltr'>Deum</span> <span class='ocrx_word' id='word_1_76' title='bbox 472 1494 503 1549; x_wconf 89' lang='lat' dir='ltr'>et</span> <span class='ocrx_word' id='word_1_77' title='bbox 518 1485 665 1548; x_wconf 91' lang='lat' dir='ltr'>homines</span> <span class='ocrx_word' id='word_1_78' title='bbox 682 1493 803 1547; x_wconf 90' lang='lat' dir='ltr'>ceteros</span> <span class='ocrx_word' id='word_1_79' title='bbox 820 1483 927 1547; x_wconf 87' lang='lat' dir='ltr'>medii.</span> 
     </span>
     <span class='ocr_line' id='line_1_11' title="bbox 183 1586 930 1665; baseline -0.004 -17"><span class='ocrx_word' id='word_1_80' title='bbox 183 1590 224 1649; x_wconf 88' lang='lat' dir='ltr'>Et</span> <span class='ocrx_word' id='word_1_81' title='bbox 233 1588 340 1665; x_wconf 70' lang='lat' dir='ltr'>juxto</span> <span class='ocrx_word' id='word_1_82' title='bbox 355 1587 616 1665; x_wconf 76' lang='lat' dir='ltr'><em>compositionem</em></span> <span class='ocrx_word' id='word_1_83' title='bbox 632 1586 702 1663; x_wconf 77' lang='lat' dir='ltr'>ejus</span> <span class='ocrx_word' id='word_1_84' title='bbox 721 1605 786 1645; x_wconf 84' lang='lat' dir='ltr'>non</span> <span class='ocrx_word' id='word_1_85' title='bbox 802 1586 930 1664; x_wconf 81' lang='lat' dir='ltr'>societis</span> 
     </span>
     <span class='ocr_line' id='line_1_12' title="bbox 182 1682 931 1765; baseline -0.001 -21"><span class='ocrx_word' id='word_1_86' title='bbox 182 1688 288 1756; x_wconf 81' lang='lat' dir='ltr'>uliud,</span> <span class='ocrx_word' id='word_1_87' title='bbox 307 1683 415 1761; x_wconf 91' lang='lat' dir='ltr'>idest,</span> <span class='ocrx_word' id='word_1_88' title='bbox 432 1704 470 1747; x_wconf 89' lang='lat' dir='ltr'>err</span> <span class='ocrx_word' id='word_1_89' title='bbox 486 1683 607 1747; x_wconf 89' lang='lat' dir='ltr'>eisdem</span> <span class='ocrx_word' id='word_1_90' title='bbox 629 1682 782 1761; x_wconf 89' lang='lat' dir='ltr'>materiis,</span> <span class='ocrx_word' id='word_1_91' title='bbox 801 1702 931 1765; x_wconf 83' lang='lat' dir='ltr'>praeser-</span> 
     </span>
     <span class='ocr_line' id='line_1_13' title="bbox 182 1780 932 1864; baseline -0.001 -20"><span class='ocrx_word' id='word_1_92' title='bbox 182 1783 240 1845; x_wconf 91' lang='lat' dir='ltr'>tim</span> <span class='ocrx_word' id='word_1_93' title='bbox 263 1783 297 1844; x_wconf 94' lang='lat' dir='ltr'>in</span> <span class='ocrx_word' id='word_1_94' title='bbox 322 1783 377 1845; x_wconf 90' lang='lat' dir='ltr'>tali</span> <span class='ocrx_word' id='word_1_95' title='bbox 401 1782 607 1864; x_wconf 73' lang='lat' dir='ltr'>proportione</span> <span class='ocrx_word' id='word_1_96' title='bbox 629 1782 779 1864; x_wconf 85' lang='lat' dir='ltr'>acceptis,</span> <span class='ocrx_word' id='word_1_97' title='bbox 798 1800 861 1845; x_wconf 91' lang='lat' dir='ltr'>non</span> <span class='ocrx_word' id='word_1_98' title='bbox 885 1780 932 1843; x_wconf 89' lang='lat' dir='ltr'>l-</span> 
     </span>
    </p>
   </div>
   <div class='ocr_carea' id='block_1_4' title="bbox 985 888 1735 1861">
    <p class='ocr_par' dir='ltr' id='par_1_4' title="bbox 985 888 1735 1861">
     <span class='ocr_line' id='line_1_14' title="bbox 985 888 1731 971; baseline 0.001 -20"><span class='ocrx_word' id='word_1_99' title='bbox 985 889 1146 971; x_wconf 88' lang='lat' dir='ltr'>glutitum,</span> <span class='ocrx_word' id='word_1_100' title='bbox 1160 889 1304 951; x_wconf 89' lang='lat' dir='ltr'>medetur</span> <span class='ocrx_word' id='word_1_101' title='bbox 1321 889 1398 950; x_wconf 92' lang='lat' dir='ltr'>tussi</span> <span class='ocrx_word' id='word_1_102' title='bbox 1413 916 1420 967; x_wconf 83' lang='lat'>3</span> <span class='ocrx_word' id='word_1_103' title='bbox 1439 888 1588 952; x_wconf 80' lang='lat' dir='ltr'><strong>subvenit</strong></span> <span class='ocrx_word' id='word_1_104' title='bbox 1604 908 1731 971; x_wconf 92' lang='lat' dir='ltr'>quoque</span> 
     </span>
     <span class='ocr_line' id='line_1_15' title="bbox 985 988 1731 1071; baseline -0.001 -20"><span class='ocrx_word' id='word_1_105' title='bbox 985 988 1244 1071; x_wconf 89' lang='lat' dir='ltr'>conquassationi</span> <span class='ocrx_word' id='word_1_106' title='bbox 1274 988 1355 1071; x_wconf 89' lang='lat' dir='ltr'>lapsi</span> <span class='ocrx_word' id='word_1_107' title='bbox 1380 990 1419 1051; x_wconf 94' lang='lat' dir='ltr'>dc</span> <span class='ocrx_word' id='word_1_108' title='bbox 1449 988 1523 1064; x_wconf 93' lang='lat' dir='ltr'>alto,</span> <span class='ocrx_word' id='word_1_109' title='bbox 1551 988 1731 1071; x_wconf 81' lang='lat' dir='ltr'>epilepticis</span> 
     </span>
     <span class='ocr_line' id='line_1_16' title="bbox 986 1087 1731 1170; baseline -0.001 -18"><span class='ocrx_word' id='word_1_110' title='bbox 986 1089 1108 1152; x_wconf 91' lang='lat' dir='ltr'>utiliter</span> <span class='ocrx_word' id='word_1_111' title='bbox 1130 1088 1309 1165; x_wconf 76' lang='lat' dir='ltr'>adhibetur,</span> <span class='ocrx_word' id='word_1_112' title='bbox 1332 1087 1467 1168; x_wconf 88' lang='lat' dir='ltr'>lumigio</span> <span class='ocrx_word' id='word_1_113' title='bbox 1492 1097 1656 1170; x_wconf 88' lang='lat' dir='ltr'>serpentes</span> <span class='ocrx_word' id='word_1_114' title='bbox 1679 1108 1731 1151; x_wconf 86' lang='lat' dir='ltr'>ex-</span> 
     </span>
     <span class='ocr_line' id='line_1_17' title="bbox 985 1188 1732 1270; baseline -0.005 -18"><span class='ocrx_word' id='word_1_115' title='bbox 985 1190 1110 1263; x_wconf 87' lang='lat' dir='ltr'>cludit;</span> <span class='ocrx_word' id='word_1_116' title='bbox 1138 1188 1208 1251; x_wconf 93' lang='lat' dir='ltr'>oleo</span> <span class='ocrx_word' id='word_1_117' title='bbox 1233 1188 1331 1250; x_wconf 86' lang='lat' dir='ltr'>mixto</span> <span class='ocrx_word' id='word_1_118' title='bbox 1357 1196 1558 1270; x_wconf 91' lang='lat' dir='ltr'>perunctum,</span> <span class='ocrx_word' id='word_1_119' title='bbox 1579 1188 1645 1249; x_wconf 86' lang='lat' dir='ltr'>vim</span> <span class='ocrx_word' id='word_1_120' title='bbox 1671 1206 1732 1251; x_wconf 91' lang='lat' dir='ltr'>ser-</span> 
     </span>
     <span class='ocr_line' id='line_1_18' title="bbox 985 1286 1730 1370; baseline -0.003 -19"><span class='ocrx_word' id='word_1_121' title='bbox 985 1287 1091 1370; x_wconf 93' lang='lat' dir='ltr'>pcntis</span> <span class='ocrx_word' id='word_1_122' title='bbox 1112 1306 1177 1350; x_wconf 91' lang='lat' dir='ltr'>non</span> <span class='ocrx_word' id='word_1_123' title='bbox 1196 1286 1356 1360; x_wconf 82' lang='lat' dir='ltr'>admittit3</span> <span class='ocrx_word' id='word_1_124' title='bbox 1381 1287 1451 1349; x_wconf 90' lang='lat' dir='ltr'>oleo</span> <span class='ocrx_word' id='word_1_125' title='bbox 1467 1286 1635 1368; x_wconf 90' lang='lat' dir='ltr'>splendido</span> <span class='ocrx_word' id='word_1_126' title='bbox 1650 1287 1730 1349; x_wconf 85' lang='lat' dir='ltr'>mix-</span> 
     </span>
     <span class='ocr_line' id='line_1_19' title="bbox 985 1385 1731 1468; baseline 0 -19"><span class='ocrx_word' id='word_1_127' title='bbox 985 1394 1086 1463; x_wconf 87' lang='lat' dir='ltr'>tum,a</span> <span class='ocrx_word' id='word_1_128' title='bbox 1101 1385 1302 1468; x_wconf 67' lang='lat' dir='ltr'>serpentibus</span> <span class='ocrx_word' id='word_1_129' title='bbox 1314 1393 1498 1461; x_wconf 91' lang='lat' dir='ltr'>comestum,</span> <span class='ocrx_word' id='word_1_130' title='bbox 1507 1404 1617 1448; x_wconf 90' lang='lat' dir='ltr'>necem</span> <span class='ocrx_word' id='word_1_131' title='bbox 1633 1385 1731 1449; x_wconf 80' lang='lat' dir='ltr'>infert</span> 
     </span>
     <span class='ocr_line' id='line_1_20' title="bbox 986 1484 1728 1566; baseline -0.001 -18"><span class='ocrx_word' id='word_1_132' title='bbox 986 1486 1127 1562; x_wconf 88' lang='lat' dir='ltr'>eisdem;</span> <span class='ocrx_word' id='word_1_133' title='bbox 1151 1486 1294 1549; x_wconf 89' lang='lat' dir='ltr'>dolorem</span> <span class='ocrx_word' id='word_1_134' title='bbox 1317 1484 1471 1561; x_wconf 90' lang='lat' dir='ltr'>dentium,</span> <span class='ocrx_word' id='word_1_135' title='bbox 1490 1484 1517 1545; x_wconf 91' lang='lat' dir='ltr'>si</span> <span class='ocrx_word' id='word_1_136' title='bbox 1539 1492 1728 1566; x_wconf 85' lang='lat' dir='ltr'>apponatur,</span> 
     </span>
     <span class='ocr_line' id='line_1_21' title="bbox 986 1583 1730 1666; baseline -0.003 -19"><span class='ocrx_word' id='word_1_137' title='bbox 986 1586 1079 1648; x_wconf 87' lang='lat' dir='ltr'>tollit.</span> <span class='ocrx_word' id='word_1_138' title='bbox 1102 1584 1300 1666; x_wconf 68' lang='lat' dir='ltr'>antiquitate</span> <span class='ocrx_word' id='word_1_139' title='bbox 1321 1602 1397 1648; x_wconf 87' lang='lat' dir='ltr'>vero</span> <span class='ocrx_word' id='word_1_140' title='bbox 1419 1592 1451 1646; x_wconf 91' lang='lat' dir='ltr'>et</span> <span class='ocrx_word' id='word_1_141' title='bbox 1473 1583 1544 1646; x_wconf 89' lang='lat' dir='ltr'>aliis</span> <span class='ocrx_word' id='word_1_142' title='bbox 1567 1602 1605 1645; x_wconf 83' lang='lat' dir='ltr'>ex</span> <span class='ocrx_word' id='word_1_143' title='bbox 1627 1584 1730 1647; x_wconf 89' lang='lat' dir='ltr'>causis</span> 
     </span>
     <span class='ocr_line' id='line_1_22' title="bbox 986 1664 1735 1765; baseline -0.004 -18"><span class='ocrx_word' id='word_1_144' title='bbox 986 1685 1105 1747; x_wconf 87' lang='lat' dir='ltr'>amittit</span> <span class='ocrx_word' id='word_1_145' title='bbox 1119 1685 1239 1747; x_wconf 90' lang='lat' dir='ltr'>bonum</span> <span class='ocrx_word' id='word_1_146' title='bbox 1254 1684 1394 1747; x_wconf 89' lang='lat' dir='ltr'>odorem.</span> <span class='ocrx_word' id='word_1_147' title='bbox 1413 1683 1485 1746; x_wconf 91' lang='lat' dir='ltr'>ldeo</span> <span class='ocrx_word' id='word_1_148' title='bbox 1505 1682 1610 1746; x_wconf 88' lang='lat' dir='ltr'>littera</span> <span class='ocrx_word' id='word_1_149' title='bbox 1628 1664 1735 1765; x_wconf 72' lang='lat' dir='ltr'>cupri-⁸</span> 
     </span>
     <span class='ocr_line' id='line_1_23' title="bbox 986 1782 1732 1861; baseline -0.007 -14"><span class='ocrx_word' id='word_1_150' title='bbox 986 1786 1055 1861; x_wconf 88' lang='lat' dir='ltr'>mit,</span> <span class='ocrx_word' id='word_1_151' title='bbox 1072 1784 1250 1847; x_wconf 83' lang='lat' dir='ltr'>Galbanum</span> <span class='ocrx_word' id='word_1_152' title='bbox 1269 1783 1346 1846; x_wconf 91' lang='lat' dir='ltr'>boni</span> <span class='ocrx_word' id='word_1_153' title='bbox 1367 1782 1485 1845; x_wconf 90' lang='lat' dir='ltr'>odoris.</span> <span class='ocrx_word' id='word_1_154' title='bbox 1503 1785 1546 1843; x_wconf 89' lang='lat' dir='ltr'>Et</span> <span class='ocrx_word' id='word_1_155' title='bbox 1563 1786 1635 1843; x_wconf 74' lang='lat' dir='ltr'>tiaras</span> <span class='ocrx_word' id='word_1_156' title='bbox 1652 1785 1732 1843; x_wconf 83' lang='lat' dir='ltr'>luci-</span> 
     </span>
    </p>
   </div>
   <div class='ocr_carea' id='block_1_5' title="bbox 182 1881 1731 1965">
    <p class='ocr_par' dir='ltr' id='par_1_5' title="bbox 182 1881 1731 1965">
     <span class='ocr_line' id='line_1_24' title="bbox 182 1881 1731 1965; baseline -0.001 -20"><span class='ocrx_word' id='word_1_157' title='bbox 182 1882 273 1946; x_wconf 89' lang='lat' dir='ltr'>cietis</span> <span class='ocrx_word' id='word_1_158' title='bbox 296 1882 439 1964; x_wconf 87' lang='lat' dir='ltr'>aliquam</span> <span class='ocrx_word' id='word_1_159' title='bbox 460 1882 644 1945; x_wconf 90' lang='lat' dir='ltr'>unctionem</span> <span class='ocrx_word' id='word_1_160' title='bbox 668 1882 701 1943; x_wconf 94' lang='lat' dir='ltr'>in</span> <span class='ocrx_word' id='word_1_161' title='bbox 723 1900 799 1943; x_wconf 94' lang='lat' dir='ltr'>usus</span> <span class='ocrx_word' id='word_1_162' title='bbox 820 1882 931 1943; x_wconf 88' lang='lat' dir='ltr'>huma·</span> <span class='ocrx_word' id='word_1_163' title='bbox 949 1886 1158 1947; x_wconf 82' lang='lat' dir='ltr'>Bdissimom</span> <span class='ocrx_word' id='word_1_164' title='bbox 1174 1904 1185 1946; x_wconf 92' lang='lat'><em>:</em></span> <span class='ocrx_word' id='word_1_165' title='bbox 1202 1890 1312 1965; x_wconf 85' lang='lat' dir='ltr'>utpote</span> <span class='ocrx_word' id='word_1_166' title='bbox 1327 1881 1577 1965; x_wconf 90' lang='lat' dir='ltr'>impermixtum,</span> <span class='ocrx_word' id='word_1_167' title='bbox 1596 1901 1651 1944; x_wconf 90' lang='lat' dir='ltr'>scu</span> <span class='ocrx_word' id='word_1_168' title='bbox 1666 1900 1731 1945; x_wconf 94' lang='lat' dir='ltr'>non</span> 
     </span>
    </p>
   </div>
   <div class='ocr_carea' id='block_1_6' title="bbox 182 1980 932 3045">
    <p class='ocr_par' dir='ltr' id='par_1_6' title="bbox 182 1980 932 3045">
     <span class='ocr_line' id='line_1_25' title="bbox 183 1980 930 2063; baseline -0.004 -19"><span class='ocrx_word' id='word_1_169' title='bbox 183 2002 251 2046; x_wconf 84' lang='lat' dir='ltr'>noe.</span> <span class='ocrx_word' id='word_1_170' title='bbox 280 1982 326 2043; x_wconf 86' lang='lat' dir='ltr'>Ex</span> <span class='ocrx_word' id='word_1_171' title='bbox 351 1982 423 2044; x_wconf 86' lang='lat' dir='ltr'>aliis</span> <span class='ocrx_word' id='word_1_172' title='bbox 448 1990 554 2044; x_wconf 83' lang='lat' dir='ltr'>antem</span> <span class='ocrx_word' id='word_1_173' title='bbox 579 1981 674 2044; x_wconf 87' lang='lat' dir='ltr'>rebus</span> <span class='ocrx_word' id='word_1_174' title='bbox 705 1988 736 2044; x_wconf 92' lang='lat' dir='ltr'>et</span> <span class='ocrx_word' id='word_1_175' title='bbox 763 1980 930 2063; x_wconf 83' lang='lat' dir='ltr'>speciebus</span> 
     </span>
     <span class='ocr_line' id='line_1_26' title="bbox 183 2079 931 2163; baseline -0.005 -18"><span class='ocrx_word' id='word_1_176' title='bbox 183 2090 331 2163; x_wconf 89' lang='lat' dir='ltr'>poterant</span> <span class='ocrx_word' id='word_1_177' title='bbox 347 2080 419 2143; x_wconf 87' lang='lat' dir='ltr'>lieri</span> <span class='ocrx_word' id='word_1_178' title='bbox 436 2080 603 2143; x_wconf 89' lang='lat' dir='ltr'>unctiones</span> <span class='ocrx_word' id='word_1_179' title='bbox 621 2081 789 2157; x_wconf 83' lang='lat' dir='ltr'>humana;</span> <span class='ocrx_word' id='word_1_180' title='bbox 807 2079 882 2156; x_wconf 90' lang='lat' dir='ltr'>imo,</span> <span class='ocrx_word' id='word_1_181' title='bbox 896 2088 931 2141; x_wconf 92' lang='lat' dir='ltr'>ut</span> 
     </span>
     <span class='ocr_line' id='line_1_27' title="bbox 182 2178 929 2262; baseline -0.005 -18"><span class='ocrx_word' id='word_1_182' title='bbox 182 2180 282 2262; x_wconf 88' lang='lat' dir='ltr'>aliqui</span> <span class='ocrx_word' id='word_1_183' title='bbox 306 2180 514 2258; x_wconf 85' lang='lat' dir='ltr'>arbitrantur,</span> <span class='ocrx_word' id='word_1_184' title='bbox 531 2199 569 2242; x_wconf 87' lang='lat' dir='ltr'>ex</span> <span class='ocrx_word' id='word_1_185' title='bbox 589 2180 710 2243; x_wconf 88' lang='lat' dir='ltr'>eisdem</span> <span class='ocrx_word' id='word_1_186' title='bbox 732 2178 873 2242; x_wconf 85' lang='lat' dir='ltr'>materiis</span> <span class='ocrx_word' id='word_1_187' title='bbox 896 2179 929 2241; x_wconf 93' lang='lat' dir='ltr'>in</span> 
     </span>
     <span class='ocr_line' id='line_1_28' title="bbox 182 2278 930 2362; baseline -0.003 -21"><span class='ocrx_word' id='word_1_188' title='bbox 182 2279 245 2341; x_wconf 90' lang='lat' dir='ltr'>alia</span> <span class='ocrx_word' id='word_1_189' title='bbox 266 2278 473 2361; x_wconf 73' lang='lat' dir='ltr'>proportione</span> <span class='ocrx_word' id='word_1_190' title='bbox 487 2278 659 2360; x_wconf 87' lang='lat' dir='ltr'>assumptis</span> <span class='ocrx_word' id='word_1_191' title='bbox 677 2298 684 2342; x_wconf 92' lang='lat'>:</span> <span class='ocrx_word' id='word_1_192' title='bbox 702 2278 788 2362; x_wconf 92' lang='lat' dir='ltr'>quod</span> <span class='ocrx_word' id='word_1_193' title='bbox 808 2285 930 2341; x_wconf 88' lang='lat' dir='ltr'>certum</span> 
     </span>
     <span class='ocr_line' id='line_1_29' title="bbox 183 2376 928 2456; baseline -0.005 -16"><span class='ocrx_word' id='word_1_194' title='bbox 183 2397 247 2441; x_wconf 92' lang='lat' dir='ltr'>non</span> <span class='ocrx_word' id='word_1_195' title='bbox 271 2396 351 2441; x_wconf 85' lang='lat' dir='ltr'>reor.</span> <span class='ocrx_word' id='word_1_196' title='bbox 372 2380 457 2448; x_wconf 80' lang='lat' dir='ltr'>Qttia</span> <span class='ocrx_word' id='word_1_197' title='bbox 472 2380 712 2456; x_wconf 80' lang='lat' dir='ltr'>sanctificatum</span> <span class='ocrx_word' id='word_1_198' title='bbox 735 2388 790 2448; x_wconf 82' lang='lat' dir='ltr'>est,</span> <span class='ocrx_word' id='word_1_199' title='bbox 815 2376 847 2439; x_wconf 92' lang='lat' dir='ltr'>id</span> <span class='ocrx_word' id='word_1_200' title='bbox 870 2384 928 2451; x_wconf 86' lang='lat' dir='ltr'>est,</span> 
     </span>
     <span class='ocr_line' id='line_1_30' title="bbox 182 2476 932 2541; baseline -0.004 0"><span class='ocrx_word' id='word_1_201' title='bbox 182 2477 289 2541; x_wconf 91' lang='lat' dir='ltr'>oleum</span> <span class='ocrx_word' id='word_1_202' title='bbox 314 2477 399 2540; x_wconf 90' lang='lat' dir='ltr'>istud</span> <span class='ocrx_word' id='word_1_203' title='bbox 421 2478 461 2539; x_wconf 93' lang='lat' dir='ltr'>ad</span> <span class='ocrx_word' id='word_1_204' title='bbox 477 2476 586 2539; x_wconf 85' lang='lat' dir='ltr'>divina</span> <span class='ocrx_word' id='word_1_205' title='bbox 606 2477 769 2539; x_wconf 81' lang='lat' dir='ltr'>dumtaxat</span> <span class='ocrx_word' id='word_1_206' title='bbox 784 2484 832 2538; x_wconf 89' lang='lat' dir='ltr'>est</span> <span class='ocrx_word' id='word_1_207' title='bbox 847 2476 932 2539; x_wconf 90' lang='lat' dir='ltr'>ordi-</span> 
     </span>
     <span class='ocr_line' id='line_1_31' title="bbox 182 2574 930 2653; baseline -0.003 -14"><span class='ocrx_word' id='word_1_208' title='bbox 182 2586 293 2639; x_wconf 89' lang='lat' dir='ltr'>natum</span> <span class='ocrx_word' id='word_1_209' title='bbox 313 2602 320 2653; x_wconf 94' lang='lat'>;</span> <span class='ocrx_word' id='word_1_210' title='bbox 344 2587 373 2638; x_wconf 90' lang='lat' dir='ltr'>et</span> <span class='ocrx_word' id='word_1_211' title='bbox 393 2587 543 2637; x_wconf 83' lang='lat' dir='ltr'>sanetum</span> <span class='ocrx_word' id='word_1_212' title='bbox 564 2574 627 2637; x_wconf 81' lang='lat' dir='ltr'>erit</span> <span class='ocrx_word' id='word_1_213' title='bbox 649 2577 746 2647; x_wconf 79' lang='lat' dir='ltr'>vodr&#39;s,</span> <span class='ocrx_word' id='word_1_214' title='bbox 771 2576 803 2637; x_wconf 92' lang='lat' dir='ltr'>id</span> <span class='ocrx_word' id='word_1_215' title='bbox 826 2584 874 2638; x_wconf 87' lang='lat' dir='ltr'>est</span> <span class='ocrx_word' id='word_1_216' title='bbox 897 2575 930 2637; x_wconf 91' lang='lat' dir='ltr'>in</span> 
     </span>
     <span class='ocr_line' id='line_1_32' title="bbox 185 2674 931 2756; baseline -0.003 -19"><span class='ocrx_word' id='word_1_217' title='bbox 185 2684 271 2739; x_wconf 88' lang='lat' dir='ltr'>tanta</span> <span class='ocrx_word' id='word_1_218' title='bbox 286 2674 493 2738; x_wconf 89' lang='lat' dir='ltr'>veneratione</span> <span class='ocrx_word' id='word_1_219' title='bbox 509 2674 703 2750; x_wconf 88' lang='lat' dir='ltr'>habendum,</span> <span class='ocrx_word' id='word_1_220' title='bbox 722 2683 756 2735; x_wconf 92' lang='lat' dir='ltr'>ut</span> <span class='ocrx_word' id='word_1_221' title='bbox 772 2693 835 2737; x_wconf 94' lang='lat' dir='ltr'>non</span> <span class='ocrx_word' id='word_1_222' title='bbox 853 2693 931 2756; x_wconf 80' lang='lat' dir='ltr'>prac-</span> 
     </span>
     <span class='ocr_line' id='line_1_33' title="bbox 183 2773 927 2855; baseline -0.005 -18"><span class='ocrx_word' id='word_1_223' title='bbox 183 2774 317 2837; x_wconf 86' lang='lat' dir='ltr'>sumatis</span> <span class='ocrx_word' id='word_1_224' title='bbox 340 2774 420 2837; x_wconf 92' lang='lat' dir='ltr'>illud</span> <span class='ocrx_word' id='word_1_225' title='bbox 446 2773 594 2835; x_wconf 88' lang='lat' dir='ltr'>humanis</span> <span class='ocrx_word' id='word_1_226' title='bbox 621 2773 731 2835; x_wconf 89' lang='lat' dir='ltr'>usibus</span> <span class='ocrx_word' id='word_1_227' title='bbox 756 2774 927 2855; x_wconf 86' lang='lat' dir='ltr'>applicare.</span> 
     </span>
     <span class='ocr_line' id='line_1_34' title="bbox 183 2874 928 2956; baseline -0.004 -20"><span class='ocrx_word' id='word_1_228' title='bbox 183 2879 286 2937; x_wconf 86' lang='lat' dir='ltr'>Homo</span> <span class='ocrx_word' id='word_1_229' title='bbox 312 2877 508 2956; x_wconf 79' lang='lat' dir='ltr'>quicumque</span> <span class='ocrx_word' id='word_1_230' title='bbox 534 2878 595 2934; x_wconf 86' lang='lat' dir='ltr'>tole</span> <span class='ocrx_word' id='word_1_231' title='bbox 619 2874 726 2937; x_wconf 87' lang='lat' dir='ltr'>oleum</span> <span class='ocrx_word' id='word_1_232' title='bbox 749 2894 928 2951; x_wconf 82' lang='lat' dir='ltr'>eotnposne-</span> 
     </span>
     <span class='ocr_line' id='line_1_35' title="bbox 182 2972 929 3045; baseline -0.001 -12"><span class='ocrx_word' id='word_1_233' title='bbox 182 2976 239 3044; x_wconf 85' lang='lat' dir='ltr'>rit,</span> <span class='ocrx_word' id='word_1_234' title='bbox 251 2985 281 3035; x_wconf 89' lang='lat' dir='ltr'>et</span> <span class='ocrx_word' id='word_1_235' title='bbox 296 2976 421 3037; x_wconf 81' lang='lat' dir='ltr'>dederit</span> <span class='ocrx_word' id='word_1_236' title='bbox 435 2994 476 3033; x_wconf 77' lang='lat' dir='ltr'>eac</span> <span class='ocrx_word' id='word_1_237' title='bbox 491 2993 536 3045; x_wconf 88' lang='lat' dir='ltr'>eo,</span> <span class='ocrx_word' id='word_1_238' title='bbox 549 2975 667 3043; x_wconf 73' lang='lat' dir='ltr'>elicito,</span> <span class='ocrx_word' id='word_1_239' title='bbox 685 2972 717 3033; x_wconf 92' lang='lat' dir='ltr'>id</span> <span class='ocrx_word' id='word_1_240' title='bbox 738 2980 785 3034; x_wconf 86' lang='grc' dir='ltr'>θεῖ</span> <span class='ocrx_word' id='word_1_241' title='bbox 806 2972 929 3035; x_wconf 90' lang='lat' dir='ltr'>homini</span> 
     </span>
    </p>
   </div>
   <div class='ocr_carea' id='block_1_7' title="bbox 985 1981 1732 3059">
    <p class='ocr_par' dir='ltr' id='par_1_7' title="bbox 985 1981 1732 3059">
     <span class='ocr_line' id='line_1_36' title="bbox 986 1981 1731 2064; baseline -0.007 -17"><span class='ocrx_word' id='word_1_242' title='bbox 986 1984 1162 2047; x_wconf 84' lang='lat' dir='ltr'>admixtum</span> <span class='ocrx_word' id='word_1_243' title='bbox 1184 1982 1309 2060; x_wconf 82' lang='lat' dir='ltr'>rcsinae,</span> <span class='ocrx_word' id='word_1_244' title='bbox 1334 2001 1391 2064; x_wconf 91' lang='lat' dir='ltr'>per</span> <span class='ocrx_word' id='word_1_245' title='bbox 1412 2001 1508 2062; x_wconf 88' lang='lat' dir='ltr'>quam</span> <span class='ocrx_word' id='word_1_246' title='bbox 1530 2001 1587 2043; x_wconf 88' lang='lat' dir='ltr'>sua</span> <span class='ocrx_word' id='word_1_247' title='bbox 1608 1981 1731 2063; x_wconf 91' lang='lat' dir='ltr'>puritas</span> 
     </span>
     <span class='ocr_line' id='line_1_37' title="bbox 986 2083 1731 2164; baseline -0.007 -15"><span class='ocrx_word' id='word_1_248' title='bbox 986 2083 1183 2149; x_wconf 82' lang='lat' dir='ltr'>obfuscatur.</span> <span class='ocrx_word' id='word_1_249' title='bbox 1208 2086 1362 2164; x_wconf 80' lang='lat' dir='ltr'>AEqttolis</span> <span class='ocrx_word' id='word_1_250' title='bbox 1379 2084 1534 2160; x_wconf 79' lang='lat' dir='ltr'>ponderis</span> <span class='ocrx_word' id='word_1_251' title='bbox 1552 2091 1648 2143; x_wconf 83' lang='lat' dir='ltr'>erttot</span> <span class='ocrx_word' id='word_1_252' title='bbox 1668 2102 1731 2145; x_wconf 83' lang='lat' dir='ltr'>om·</span> 
     </span>
     <span class='ocr_line' id='line_1_38' title="bbox 986 2180 1557 2264; baseline -0.005 -19"><span class='ocrx_word' id='word_1_253' title='bbox 986 2187 1055 2256; x_wconf 86' lang='lat' dir='ltr'>aio,</span> <span class='ocrx_word' id='word_1_254' title='bbox 1068 2184 1102 2245; x_wconf 96' lang='lat' dir='ltr'>id</span> <span class='ocrx_word' id='word_1_255' title='bbox 1118 2190 1167 2245; x_wconf 89' lang='lat' dir='ltr'>est</span> <span class='ocrx_word' id='word_1_256' title='bbox 1186 2190 1322 2264; x_wconf 88' lang='lat' dir='ltr'>quatuor</span> <span class='ocrx_word' id='word_1_257' title='bbox 1342 2180 1464 2264; x_wconf 87' lang='lat' dir='ltr'>specics</span> <span class='ocrx_word' id='word_1_258' title='bbox 1480 2180 1557 2243; x_wconf 73' lang='lat' dir='ltr'>istan.</span> 
     </span>
     <span class='ocr_line' id='line_1_39' title="bbox 1025 2282 1732 2362; baseline -0.007 -16"><span class='ocrx_word' id='word_1_259' title='bbox 1025 2286 1199 2362; x_wconf 62' lang='lat' dir='ltr'>deciesque</span> <span class='ocrx_word' id='word_1_260' title='bbox 1216 2284 1397 2358; x_wconf 73' lang='lat' dir='ltr'>tbymiama</span> <span class='ocrx_word' id='word_1_261' title='bbox 1416 2282 1625 2357; x_wconf 77' lang='lat' dir='ltr'>eontpositum</span> <span class='ocrx_word' id='word_1_262' title='bbox 1639 2300 1732 2358; x_wconf 80' lang='lat' dir='ltr'>opere</span> 
     </span>
     <span class='ocr_line' id='line_1_40' title="bbox 986 2379 1732 2461; baseline -0.003 -18"><span class='ocrx_word' id='word_1_263' title='bbox 986 2384 1201 2461; x_wconf 71' lang='lat' dir='ltr'>trrrpncntorii</span> <span class='ocrx_word' id='word_1_264' title='bbox 1207 2382 1264 2443; x_wconf 88' lang='lat' dir='ltr'>:ad</span> <span class='ocrx_word' id='word_1_265' title='bbox 1276 2380 1522 2459; x_wconf 88' lang='lat' dir='ltr'>unguentarium</span> <span class='ocrx_word' id='word_1_266' title='bbox 1533 2379 1653 2461; x_wconf 90' lang='lat' dir='ltr'>quippe</span> <span class='ocrx_word' id='word_1_267' title='bbox 1664 2398 1732 2460; x_wconf 92' lang='lat' dir='ltr'>pcr-</span> 
     </span>
     <span class='ocr_line' id='line_1_41' title="bbox 988 2475 1729 2563; baseline -0.003 -20"><span class='ocrx_word' id='word_1_268' title='bbox 988 2482 1077 2557; x_wconf 89' lang='lat' dir='ltr'>tinet,</span> <span class='ocrx_word' id='word_1_269' title='bbox 1096 2489 1258 2561; x_wconf 89' lang='lat' dir='ltr'>unguenta</span> <span class='ocrx_word' id='word_1_270' title='bbox 1273 2489 1304 2543; x_wconf 90' lang='lat' dir='ltr'>et</span> <span class='ocrx_word' id='word_1_271' title='bbox 1326 2479 1498 2563; x_wconf 73' lang='lat' dir='ltr'>tbymiama</span> <span class='ocrx_word' id='word_1_272' title='bbox 1512 2475 1704 2560; x_wconf 85' lang='lat' dir='ltr'>componere</span> <span class='ocrx_word' id='word_1_273' title='bbox 1721 2503 1729 2553; x_wconf 81' lang='lat'><em>3</em></span> 
     </span>
     <span class='ocr_line' id='line_1_42' title="bbox 986 2583 1732 2659; baseline -0.001 -18"><span class='ocrx_word' id='word_1_274' title='bbox 986 2585 1128 2641; x_wconf 71' lang='lat' dir='ltr'>onimium</span> <span class='ocrx_word' id='word_1_275' title='bbox 1143 2583 1317 2656; x_wconf 60' lang='lat' dir='ltr'>diligenter</span> <span class='ocrx_word' id='word_1_276' title='bbox 1331 2589 1360 2639; x_wconf 91' lang='lat' dir='ltr'>et</span> <span class='ocrx_word' id='word_1_277' title='bbox 1371 2599 1496 2656; x_wconf 78' lang='lat' dir='ltr'>petr-unt</span> <span class='ocrx_word' id='word_1_278' title='bbox 1512 2596 1524 2639; x_wconf 93' lang='grc'>.·</span> <span class='ocrx_word' id='word_1_279' title='bbox 1540 2596 1577 2640; x_wconf 87' lang='lat' dir='ltr'>oa</span> <span class='ocrx_word' id='word_1_280' title='bbox 1593 2596 1732 2659; x_wconf 87' lang='lat' dir='ltr'>namquo</span> 
     </span>
     <span class='ocr_line' id='line_1_43' title="bbox 986 2676 1732 2761; baseline -0.005 -20"><span class='ocrx_word' id='word_1_281' title='bbox 986 2698 1056 2761; x_wconf 73' lang='lat' dir='ltr'>quaa</span> <span class='ocrx_word' id='word_1_282' title='bbox 1076 2680 1139 2741; x_wconf 87' lang='lat' dir='ltr'>lleo</span> <span class='ocrx_word' id='word_1_283' title='bbox 1161 2676 1354 2753; x_wconf 88' lang='lat' dir='ltr'>ollcruntur,</span> <span class='ocrx_word' id='word_1_284' title='bbox 1378 2685 1410 2739; x_wconf 91' lang='lat' dir='ltr'>et</span> <span class='ocrx_word' id='word_1_285' title='bbox 1431 2676 1500 2757; x_wconf 82' lang='lat' dir='ltr'>ejus</span> <span class='ocrx_word' id='word_1_286' title='bbox 1522 2676 1622 2738; x_wconf 91' lang='lat' dir='ltr'>cultui</span> <span class='ocrx_word' id='word_1_287' title='bbox 1644 2695 1732 2739; x_wconf 88' lang='lat' dir='ltr'>man-</span> 
     </span>
     <span class='ocr_line' id='line_1_44' title="bbox 986 2774 1732 2861; baseline -0.005 -21"><span class='ocrx_word' id='word_1_288' title='bbox 986 2778 1144 2861; x_wconf 88' lang='lat' dir='ltr'>cipantur,</span> <span class='ocrx_word' id='word_1_289' title='bbox 1157 2776 1274 2839; x_wconf 87' lang='lat' dir='ltr'>dobcnt</span> <span class='ocrx_word' id='word_1_290' title='bbox 1289 2795 1358 2838; x_wconf 89' lang='lat' dir='ltr'>osse</span> <span class='ocrx_word' id='word_1_291' title='bbox 1374 2774 1554 2857; x_wconf 81' lang='lat' dir='ltr'>praecipua3</span> <span class='ocrx_word' id='word_1_292' title='bbox 1571 2786 1601 2836; x_wconf 88' lang='lat' dir='ltr'>et</span> <span class='ocrx_word' id='word_1_293' title='bbox 1614 2778 1732 2837; x_wconf 80' lang='lat' dir='ltr'>cancti-</span> 
     </span>
     <span class='ocr_line' id='line_1_45' title="bbox 985 2873 1730 2957; baseline -0.004 -19"><span class='ocrx_word' id='word_1_294' title='bbox 985 2879 1136 2957; x_wconf 78' lang='lat' dir='ltr'>ficotionc</span> <span class='ocrx_word' id='word_1_295' title='bbox 1150 2878 1392 2952; x_wconf 60' lang='lat' dir='ltr'>(dignissimum,</span> <span class='ocrx_word' id='word_1_296' title='bbox 1409 2874 1507 2936; x_wconf 83' lang='lat' dir='ltr'>idest</span> <span class='ocrx_word' id='word_1_297' title='bbox 1526 2873 1730 2955; x_wconf 87' lang='lat' dir='ltr'>aptissimum</span> 
     </span>
     <span class='ocr_line' id='line_1_46' title="bbox 986 2972 1727 3059; baseline -0.008 -20"><span class='ocrx_word' id='word_1_298' title='bbox 986 2976 1141 3059; x_wconf 88' lang='lat' dir='ltr'>applicari</span> <span class='ocrx_word' id='word_1_299' title='bbox 1164 2974 1197 3036; x_wconf 94' lang='lat' dir='ltr'>in</span> <span class='ocrx_word' id='word_1_300' title='bbox 1220 2974 1274 3036; x_wconf 88' lang='lat' dir='ltr'>llci</span> <span class='ocrx_word' id='word_1_301' title='bbox 1289 2972 1443 3053; x_wconf 88' lang='lat' dir='ltr'>obsequio</span> <span class='ocrx_word' id='word_1_302' title='bbox 1464 2992 1520 3035; x_wconf 92' lang='lat' dir='ltr'>seu</span> <span class='ocrx_word' id='word_1_303' title='bbox 1536 2974 1727 3035; x_wconf 89' lang='lat' dir='ltr'>consecrari.</span> 
     </span>
    </p>
   </div>
   <div class='ocr_carea' id='block_1_8' title="bbox 184 3070 1730 3154">
    <p class='ocr_par' dir='ltr' id='par_1_8' title="bbox 184 3070 1730 3154">
     <span class='ocr_line' id='line_1_47' title="bbox 184 3070 1730 3154; baseline -0.003 -19"><span class='ocrx_word' id='word_1_304' title='bbox 184 3081 333 3136; x_wconf 78' lang='lat' dir='ltr'>extraneo</span> <span class='ocrx_word' id='word_1_305' title='bbox 348 3072 399 3135; x_wconf 83' lang='lat' dir='ltr'>vel</span> <span class='ocrx_word' id='word_1_306' title='bbox 421 3071 612 3153; x_wconf 87' lang='lat' dir='ltr'>cuicumque</span> <span class='ocrx_word' id='word_1_307' title='bbox 635 3070 686 3133; x_wconf 89' lang='lat' dir='ltr'>eui</span> <span class='ocrx_word' id='word_1_308' title='bbox 711 3071 859 3135; x_wconf 86' lang='lat' dir='ltr'>illicitum</span> <span class='ocrx_word' id='word_1_309' title='bbox 882 3079 930 3133; x_wconf 87' lang='grc' dir='ltr'>θεῖ</span> <span class='ocrx_word' id='word_1_310' title='bbox 946 3082 967 3145; x_wconf 72' lang='lat'>(1</span> <span class='ocrx_word' id='word_1_311' title='bbox 987 3081 1155 3154; x_wconf 79' lang='lat' dir='ltr'>Qnornqne</span> <span class='ocrx_word' id='word_1_312' title='bbox 1175 3076 1208 3134; x_wconf 84' lang='lat' dir='ltr'>in</span> <span class='ocrx_word' id='word_1_313' title='bbox 1232 3075 1457 3135; x_wconf 75' lang='lat' dir='ltr'>tenacissimum</span> <span class='ocrx_word' id='word_1_314' title='bbox 1472 3077 1640 3151; x_wconf 81' lang='lat' dir='ltr'>pulverem</span> <span class='ocrx_word' id='word_1_315' title='bbox 1655 3076 1730 3133; x_wconf 80' lang='lat' dir='ltr'>utzi-</span> 
     </span>
    </p>
   </div>
   <div class='ocr_carea' id='block_1_9' title="bbox 184 3170 933 4241">
    <p class='ocr_par' dir='ltr' id='par_1_9' title="bbox 184 3170 929 3450">
     <span class='ocr_line' id='line_1_48' title="bbox 184 3170 929 3249; baseline -0.007 -12"><span class='ocrx_word' id='word_1_316' title='bbox 184 3192 219 3237; x_wconf 85' lang='grc' dir='ltr'>θο</span> <span class='ocrx_word' id='word_1_317' title='bbox 244 3174 302 3249; x_wconf 85' lang='lat' dir='ltr'>ut&#39;t,</span> <span class='ocrx_word' id='word_1_318' title='bbox 326 3173 597 3234; x_wconf 71' lang='lat' dir='ltr'>exterruinobitnr</span> <span class='ocrx_word' id='word_1_319' title='bbox 612 3175 649 3229; x_wconf 82' lang='lat' dir='ltr'>rle</span> <span class='ocrx_word' id='word_1_320' title='bbox 670 3176 790 3249; x_wconf 80' lang='lat' dir='ltr'>popolo</span> <span class='ocrx_word' id='word_1_321' title='bbox 812 3192 879 3241; x_wconf 80' lang='lat' dir='ltr'>stro,</span> <span class='ocrx_word' id='word_1_322' title='bbox 898 3170 929 3233; x_wconf 89' lang='lat' dir='ltr'>id</span> 
     </span>
     <span class='ocr_line' id='line_1_49' title="bbox 184 3268 929 3350; baseline -0.004 -15"><span class='ocrx_word' id='word_1_323' title='bbox 184 3281 240 3349; x_wconf 88' lang='lat' dir='ltr'>est,</span> <span class='ocrx_word' id='word_1_324' title='bbox 258 3280 395 3335; x_wconf 90' lang='lat' dir='ltr'>mortem</span> <span class='ocrx_word' id='word_1_325' title='bbox 421 3268 606 3345; x_wconf 89' lang='lat' dir='ltr'>merebitur,</span> <span class='ocrx_word' id='word_1_326' title='bbox 622 3270 687 3332; x_wconf 93' lang='lat' dir='ltr'>imo</span> <span class='ocrx_word' id='word_1_327' title='bbox 712 3276 743 3331; x_wconf 90' lang='lat' dir='ltr'>et</span> <span class='ocrx_word' id='word_1_328' title='bbox 769 3271 929 3350; x_wconf 89' lang='lat' dir='ltr'>peccando</span> 
     </span>
     <span class='ocr_line' id='line_1_50' title="bbox 184 3368 927 3450; baseline -0.005 -17"><span class='ocrx_word' id='word_1_329' title='bbox 184 3371 371 3446; x_wconf 88' lang='lat' dir='ltr'>mortaliter,</span> <span class='ocrx_word' id='word_1_330' title='bbox 382 3369 532 3432; x_wconf 83' lang='lat' dir='ltr'>societate</span> <span class='ocrx_word' id='word_1_331' title='bbox 549 3368 727 3450; x_wconf 81' lang='lat' dir='ltr'>privabitur</span> <span class='ocrx_word' id='word_1_332' title='bbox 743 3368 927 3431; x_wconf 87' lang='lat' dir='ltr'>electorum.</span> 
     </span>
    </p>

    <p class='ocr_par' dir='ltr' id='par_1_10' title="bbox 184 3467 933 4241">
     <span class='ocr_line' id='line_1_51' title="bbox 223 3467 927 3552; baseline -0.009 -18"><span class='ocrx_word' id='word_1_333' title='bbox 223 3469 373 3552; x_wconf 88' lang='lat' dir='ltr'>Sequitur</span> <span class='ocrx_word' id='word_1_334' title='bbox 388 3469 427 3531; x_wconf 91' lang='lat' dir='ltr'>dc</span> <span class='ocrx_word' id='word_1_335' title='bbox 445 3467 677 3549; x_wconf 78' lang='lat' dir='ltr'>compositione</span> <span class='ocrx_word' id='word_1_336' title='bbox 701 3468 927 3549; x_wconf 69' lang='lat' dir='ltr'>thymiamatis.</span> 
     </span>
     <span class='ocr_line' id='line_1_52' title="bbox 184 3569 931 3649; baseline -0.009 -17"><span class='ocrx_word' id='word_1_337' title='bbox 184 3572 341 3649; x_wconf 73' lang='lat' dir='ltr'>Ilioeitqtte</span> <span class='ocrx_word' id='word_1_338' title='bbox 355 3570 516 3629; x_wconf 74' lang='lat' dir='ltr'>Hernicus</span> <span class='ocrx_word' id='word_1_339' title='bbox 530 3570 575 3627; x_wconf 85' lang='lat' dir='ltr'>od</span> <span class='ocrx_word' id='word_1_340' title='bbox 589 3570 721 3644; x_wconf 71' lang='lat' dir='ltr'>Moysen</span> <span class='ocrx_word' id='word_1_341' title='bbox 734 3588 744 3627; x_wconf 90' lang='grc'>.·</span> <span class='ocrx_word' id='word_1_342' title='bbox 757 3570 856 3628; x_wconf 70' lang='lat' dir='ltr'>Suntne</span> <span class='ocrx_word' id='word_1_343' title='bbox 873 3569 931 3627; x_wconf 84' lang='lat' dir='ltr'>n‘tt</span> 
     </span>
     <span class='ocr_line' id='line_1_53' title="bbox 185 3665 930 3740; baseline 0 -12"><span class='ocrx_word' id='word_1_344' title='bbox 185 3666 382 3737; x_wconf 83' lang='lat' dir='ltr'>m·omota,id</span> <span class='ocrx_word' id='word_1_345' title='bbox 398 3674 446 3729; x_wconf 88' lang='lat' dir='ltr'>est</span> <span class='ocrx_word' id='word_1_346' title='bbox 462 3665 610 3727; x_wconf 88' lang='lat' dir='ltr'>materias</span> <span class='ocrx_word' id='word_1_347' title='bbox 626 3665 703 3727; x_wconf 89' lang='lat' dir='ltr'>boni</span> <span class='ocrx_word' id='word_1_348' title='bbox 720 3665 930 3740; x_wconf 87' lang='lat' dir='ltr'>odoris,vidc·</span> 
     </span>
     <span class='ocr_line' id='line_1_54' title="bbox 185 3763 932 3846; baseline -0.004 -18"><span class='ocrx_word' id='word_1_349' title='bbox 185 3767 256 3831; x_wconf 87' lang='lat' dir='ltr'>licet</span> <span class='ocrx_word' id='word_1_350' title='bbox 277 3776 410 3835; x_wconf 79' lang='lat' dir='ltr'>stacten,</span> <span class='ocrx_word' id='word_1_351' title='bbox 435 3764 467 3827; x_wconf 94' lang='lat' dir='ltr'>id</span> <span class='ocrx_word' id='word_1_352' title='bbox 490 3772 538 3827; x_wconf 89' lang='lat' dir='ltr'>est</span> <span class='ocrx_word' id='word_1_353' title='bbox 561 3764 722 3846; x_wconf 75' lang='lat' dir='ltr'>myrrham</span> <span class='ocrx_word' id='word_1_354' title='bbox 745 3763 878 3827; x_wconf 89' lang='lat' dir='ltr'>electam</span> <span class='ocrx_word' id='word_1_355' title='bbox 900 3773 932 3826; x_wconf 90' lang='lat' dir='ltr'>ct</span> 
     </span>
     <span class='ocr_line' id='line_1_55' title="bbox 185 3864 932 3949; baseline -0.003 -20"><span class='ocrx_word' id='word_1_356' title='bbox 185 3868 331 3949; x_wconf 86' lang='lat' dir='ltr'>primam,</span> <span class='ocrx_word' id='word_1_357' title='bbox 356 3866 548 3937; x_wconf 88' lang='lat' dir='ltr'>induratam,</span> <span class='ocrx_word' id='word_1_358' title='bbox 575 3866 749 3927; x_wconf 91' lang='lat' dir='ltr'>seeundum</span> <span class='ocrx_word' id='word_1_359' title='bbox 777 3864 932 3945; x_wconf 85' lang='lat' dir='ltr'>exposito-</span> 
     </span>
     <span class='ocr_line' id='line_1_56' title="bbox 186 3963 931 4045; baseline -0.003 -18"><span class='ocrx_word' id='word_1_360' title='bbox 186 3986 250 4041; x_wconf 86' lang='lat' dir='ltr'>rcs;</span> <span class='ocrx_word' id='word_1_361' title='bbox 274 3976 304 4025; x_wconf 86' lang='lat' dir='ltr'>et</span> <span class='ocrx_word' id='word_1_362' title='bbox 321 3966 492 4041; x_wconf 75' lang='lat' dir='ltr'>onycham,</span> <span class='ocrx_word' id='word_1_363' title='bbox 511 3963 543 4025; x_wconf 96' lang='lat' dir='ltr'>id</span> <span class='ocrx_word' id='word_1_364' title='bbox 567 3973 615 4026; x_wconf 89' lang='lat' dir='ltr'>est</span> <span class='ocrx_word' id='word_1_365' title='bbox 638 3972 775 4026; x_wconf 86' lang='lat' dir='ltr'>ostream</span> <span class='ocrx_word' id='word_1_366' title='bbox 801 3983 931 4045; x_wconf 82' lang='lat' dir='ltr'>parvam</span> 
     </span>
     <span class='ocr_line' id='line_1_57' title="bbox 185 4062 930 4144; baseline 0 -19"><span class='ocrx_word' id='word_1_367' title='bbox 185 4065 321 4128; x_wconf 90' lang='lat' dir='ltr'>dulciter</span> <span class='ocrx_word' id='word_1_368' title='bbox 345 4062 552 4138; x_wconf 89' lang='lat' dir='ltr'>redolentem,</span> <span class='ocrx_word' id='word_1_369' title='bbox 580 4082 651 4144; x_wconf 76' lang='lat' dir='ltr'>qua</span> <span class='ocrx_word' id='word_1_370' title='bbox 678 4062 930 4142; x_wconf 82' lang='lat' dir='ltr'>magnitudinem</span> 
     </span>
     <span class='ocr_line' id='line_1_58' title="bbox 185 4160 933 4241; baseline -0.001 -16"><span class='ocrx_word' id='word_1_371' title='bbox 185 4163 278 4226; x_wconf 86' lang='lat' dir='ltr'>habet</span> <span class='ocrx_word' id='word_1_372' title='bbox 293 4160 412 4241; x_wconf 87' lang='lat' dir='ltr'>unguis</span> <span class='ocrx_word' id='word_1_373' title='bbox 429 4162 571 4238; x_wconf 89' lang='lat' dir='ltr'>humani,</span> <span class='ocrx_word' id='word_1_374' title='bbox 590 4170 621 4225; x_wconf 89' lang='lat' dir='ltr'>et</span> <span class='ocrx_word' id='word_1_375' title='bbox 642 4162 704 4225; x_wconf 89' lang='lat' dir='ltr'>alio</span> <span class='ocrx_word' id='word_1_376' title='bbox 727 4162 856 4226; x_wconf 90' lang='lat' dir='ltr'>nomine</span> <span class='ocrx_word' id='word_1_377' title='bbox 877 4183 933 4225; x_wconf 94' lang='lat' dir='ltr'>un-</span> 
     </span>
    </p>
   </div>
   <div class='ocr_carea' id='block_1_10' title="bbox 985 3171 1734 4247">
    <p class='ocr_par' dir='ltr' id='par_1_11' title="bbox 985 3171 1734 4247">
     <span class='ocr_line' id='line_1_59' title="bbox 985 3171 1728 3255; baseline -0.004 -19"><span class='ocrx_word' id='word_1_378' title='bbox 985 3198 1075 3237; x_wconf 85' lang='lat' dir='ltr'>ccrso</span> <span class='ocrx_word' id='word_1_379' title='bbox 1099 3175 1165 3236; x_wconf 82' lang='lat' dir='ltr'>haee</span> <span class='ocrx_word' id='word_1_380' title='bbox 1190 3180 1325 3255; x_wconf 86' lang='lat' dir='ltr'>quatuor</span> <span class='ocrx_word' id='word_1_381' title='bbox 1346 3174 1539 3244; x_wconf 79' lang='lat' dir='ltr'>contuderis,</span> <span class='ocrx_word' id='word_1_382' title='bbox 1563 3171 1595 3234; x_wconf 89' lang='lat' dir='ltr'>itl</span> <span class='ocrx_word' id='word_1_383' title='bbox 1622 3179 1670 3234; x_wconf 87' lang='grc' dir='ltr'>θεῖ</span> <span class='ocrx_word' id='word_1_384' title='bbox 1694 3171 1728 3233; x_wconf 89' lang='lat' dir='ltr'>in</span> 
     </span>
     <span class='ocr_line' id='line_1_60' title="bbox 986 3270 1726 3359; baseline -0.007 -21"><span class='ocrx_word' id='word_1_385' title='bbox 986 3273 1169 3338; x_wconf 83' lang='lat' dir='ltr'>mortariolo</span> <span class='ocrx_word' id='word_1_386' title='bbox 1195 3270 1433 3359; x_wconf 84' lang='lat' dir='ltr'>comminucris,</span> <span class='ocrx_word' id='word_1_387' title='bbox 1458 3282 1563 3350; x_wconf 81' lang='lat' dir='ltr'>portes</span> <span class='ocrx_word' id='word_1_388' title='bbox 1583 3272 1595 3297; x_wconf 79' lang='lat'><strong>*</strong></span> <span class='ocrx_word' id='word_1_389' title='bbox 1617 3293 1657 3332; x_wconf 75' lang='lat' dir='ltr'>ex</span> <span class='ocrx_word' id='word_1_390' title='bbox 1681 3292 1726 3344; x_wconf 88' lang='lat' dir='ltr'>eo,</span> 
     </span>
     <span class='ocr_line' id='line_1_61' title="bbox 985 3370 1729 3453; baseline -0.007 -18"><span class='ocrx_word' id='word_1_391' title='bbox 985 3372 1108 3437; x_wconf 91' lang='lat' dir='ltr'>scilicet</span> <span class='ocrx_word' id='word_1_392' title='bbox 1131 3371 1336 3453; x_wconf 81' lang='lat' dir='ltr'>thymiamate</span> <span class='ocrx_word' id='word_1_393' title='bbox 1361 3370 1407 3432; x_wconf 91' lang='lat' dir='ltr'>sic</span> <span class='ocrx_word' id='word_1_394' title='bbox 1428 3370 1596 3452; x_wconf 83' lang='lat' dir='ltr'>permixto,</span> <span class='ocrx_word' id='word_1_395' title='bbox 1621 3391 1729 3431; x_wconf 86' lang='lat' dir='ltr'>coram</span> 
     </span>
     <span class='ocr_line' id='line_1_62' title="bbox 987 3469 1730 3540; baseline 0 -6"><span class='ocrx_word' id='word_1_396' title='bbox 987 3474 1163 3535; x_wconf 82' lang='lat' dir='ltr'>testimonii</span> <span class='ocrx_word' id='word_1_397' title='bbox 1179 3474 1394 3540; x_wconf 65' lang='lat' dir='ltr'>tabernaculo</span> <span class='ocrx_word' id='word_1_398' title='bbox 1415 3470 1515 3533; x_wconf 88' lang='lat' dir='ltr'>idest</span> <span class='ocrx_word' id='word_1_399' title='bbox 1536 3478 1610 3533; x_wconf 82' lang='lat' dir='ltr'>ante</span> <span class='ocrx_word' id='word_1_400' title='bbox 1631 3469 1730 3534; x_wconf 82' lang='lat' dir='ltr'>altare</span> 
     </span>
     <span class='ocr_line' id='line_1_63' title="bbox 986 3571 1731 3653; baseline -0.003 -19"><span class='ocrx_word' id='word_1_401' title='bbox 986 3571 1120 3646; x_wconf 86' lang='lat' dir='ltr'>incensi,</span> <span class='ocrx_word' id='word_1_402' title='bbox 1145 3580 1181 3632; x_wconf 87' lang='lat' dir='ltr'>ut</span> <span class='ocrx_word' id='word_1_403' title='bbox 1207 3579 1348 3653; x_wconf 89' lang='lat' dir='ltr'>tempore</span> <span class='ocrx_word' id='word_1_404' title='bbox 1369 3578 1551 3652; x_wconf 88' lang='lat' dir='ltr'>opportuno</span> <span class='ocrx_word' id='word_1_405' title='bbox 1573 3579 1731 3633; x_wconf 88' lang='lat' dir='ltr'>cremetur</span> 
     </span>
     <span class='ocr_line' id='line_1_64' title="bbox 987 3670 1729 3753; baseline -0.005 -20"><span class='ocrx_word' id='word_1_406' title='bbox 987 3690 1081 3753; x_wconf 86' lang='lat' dir='ltr'>super</span> <span class='ocrx_word' id='word_1_407' title='bbox 1103 3670 1222 3743; x_wconf 71' lang='lat' dir='ltr'>altare,</span> <span class='ocrx_word' id='word_1_408' title='bbox 1248 3672 1283 3730; x_wconf 85' lang='lat' dir='ltr'>in</span> <span class='ocrx_word' id='word_1_409' title='bbox 1305 3692 1366 3750; x_wconf 80' lang='lat' dir='ltr'>qtto</span> <span class='ocrx_word' id='word_1_410' title='bbox 1390 3675 1454 3730; x_wconf 83' lang='lat' dir='ltr'>loco</span> <span class='ocrx_word' id='word_1_411' title='bbox 1478 3672 1634 3747; x_wconf 83' lang='lat' dir='ltr'>apparebo</span> <span class='ocrx_word' id='word_1_412' title='bbox 1659 3672 1729 3741; x_wconf 85' lang='lat' dir='ltr'>tibi,</span> 
     </span>
     <span class='ocr_line' id='line_1_65' title="bbox 987 3768 1733 3851; baseline -0.005 -19"><span class='ocrx_word' id='word_1_413' title='bbox 987 3769 1146 3851; x_wconf 90' lang='lat' dir='ltr'>loquendo</span> <span class='ocrx_word' id='word_1_414' title='bbox 1168 3777 1271 3831; x_wconf 91' lang='lat' dir='ltr'>tecum</span> <span class='ocrx_word' id='word_1_415' title='bbox 1292 3768 1411 3831; x_wconf 91' lang='lat' dir='ltr'>ibidem</span> <span class='ocrx_word' id='word_1_416' title='bbox 1427 3768 1629 3849; x_wconf 89' lang='lat' dir='ltr'>quandoque.</span> <span class='ocrx_word' id='word_1_417' title='bbox 1648 3773 1733 3829; x_wconf 86' lang='lat' dir='ltr'>Son-</span> 
     </span>
     <span class='ocr_line' id='line_1_66' title="bbox 986 3870 1734 3943; baseline -0.001 -13"><span class='ocrx_word' id='word_1_418' title='bbox 986 3881 1073 3931; x_wconf 83' lang='lat' dir='ltr'>etnm</span> <span class='ocrx_word' id='word_1_419' title='bbox 1088 3879 1272 3929; x_wconf 76' lang='lat' dir='ltr'>sanctornm</span> <span class='ocrx_word' id='word_1_420' title='bbox 1288 3870 1350 3928; x_wconf 81' lang='lat' dir='ltr'>erit</span> <span class='ocrx_word' id='word_1_421' title='bbox 1366 3871 1453 3928; x_wconf 75' lang='lat' dir='ltr'>nob-is</span> <span class='ocrx_word' id='word_1_422' title='bbox 1470 3870 1662 3943; x_wconf 74' lang='lat' dir='ltr'>tbymiama.</span> <span class='ocrx_word' id='word_1_423' title='bbox 1677 3872 1734 3929; x_wconf 88' lang='grc' dir='ltr'>Τα-</span> 
     </span>
     <span class='ocr_line' id='line_1_67' title="bbox 988 3966 1730 4045; baseline -0.004 -15"><span class='ocrx_word' id='word_1_424' title='bbox 988 3975 1048 4031; x_wconf 85' lang='lat' dir='ltr'>lent</span> <span class='ocrx_word' id='word_1_425' title='bbox 1071 3970 1329 4045; x_wconf 82' lang='lat' dir='ltr'>compositionem</span> <span class='ocrx_word' id='word_1_426' title='bbox 1351 3988 1417 4027; x_wconf 84' lang='lat' dir='ltr'>non</span> <span class='ocrx_word' id='word_1_427' title='bbox 1438 3968 1566 4043; x_wconf 83' lang='lat' dir='ltr'>facietis</span> <span class='ocrx_word' id='word_1_428' title='bbox 1581 3986 1592 4029; x_wconf 95' lang='lat'><em>:</em></span> <span class='ocrx_word' id='word_1_429' title='bbox 1615 3966 1648 4027; x_wconf 91' lang='lat' dir='ltr'>id</span> <span class='ocrx_word' id='word_1_430' title='bbox 1672 3975 1730 4044; x_wconf 86' lang='grc' dir='ltr'>θεῖ,</span> 
     </span>
     <span class='ocr_line' id='line_1_68' title="bbox 988 4064 1734 4150; baseline -0.007 -20"><span class='ocrx_word' id='word_1_431' title='bbox 988 4067 1139 4150; x_wconf 62' lang='lat' dir='ltr'>praecipio</span> <span class='ocrx_word' id='word_1_432' title='bbox 1166 4086 1205 4128; x_wconf 91' lang='lat' dir='ltr'>no</span> <span class='ocrx_word' id='word_1_433' title='bbox 1230 4064 1354 4128; x_wconf 79' lang='lat' dir='ltr'>faciatis</span> <span class='ocrx_word' id='word_1_434' title='bbox 1382 4065 1476 4127; x_wconf 87' lang='lat' dir='ltr'>talem</span> <span class='ocrx_word' id='word_1_435' title='bbox 1502 4064 1673 4127; x_wconf 85' lang='lat' dir='ltr'>mixturam</span> <span class='ocrx_word' id='word_1_436' title='bbox 1696 4068 1734 4125; x_wconf 84' lang='lat' dir='ltr'>in</span> 
     </span>
     <span class='ocr_line' id='line_1_69' title="bbox 988 4163 1733 4247; baseline -0.004 -19"><span class='ocrx_word' id='word_1_437' title='bbox 988 4189 1065 4228; x_wconf 78' lang='lat' dir='ltr'>nstra</span> <span class='ocrx_word' id='word_1_438' title='bbox 1081 4177 1197 4227; x_wconf 80' lang='lat' dir='ltr'>uestros</span> <span class='ocrx_word' id='word_1_439' title='bbox 1220 4185 1257 4228; x_wconf 81' lang='lat' dir='ltr'>ex</span> <span class='ocrx_word' id='word_1_440' title='bbox 1279 4166 1398 4227; x_wconf 90' lang='lat' dir='ltr'>eisdem</span> <span class='ocrx_word' id='word_1_441' title='bbox 1420 4163 1588 4247; x_wconf 90' lang='lat' dir='ltr'>speciebus</span> <span class='ocrx_word' id='word_1_442' title='bbox 1610 4173 1642 4227; x_wconf 94' lang='lat' dir='ltr'>et</span> <span class='ocrx_word' id='word_1_443' title='bbox 1663 4164 1733 4246; x_wconf 90' lang='lat' dir='ltr'>pari</span> 
     </span>
    </p>
   </div>
   <div class='ocr_carea' id='block_1_11' title="bbox 185 4263 1735 4348">
    <p class='ocr_par' dir='ltr' id='par_1_12' title="bbox 185 4263 1735 4348">
     <span class='ocr_line' id='line_1_70' title="bbox 185 4263 1735 4348; baseline -0.001 -24"><span class='ocrx_word' id='word_1_444' title='bbox 185 4263 256 4342; x_wconf 89' lang='lat' dir='ltr'>gula</span> <span class='ocrx_word' id='word_1_445' title='bbox 279 4270 485 4343; x_wconf 86' lang='lat' dir='ltr'>nuncupatur</span> <span class='ocrx_word' id='word_1_446' title='bbox 499 4285 505 4335; x_wconf 82' lang='lat'><em>3</em></span> <span class='ocrx_word' id='word_1_447' title='bbox 531 4273 560 4322; x_wconf 88' lang='lat' dir='ltr'>et</span> <span class='ocrx_word' id='word_1_448' title='bbox 578 4265 757 4339; x_wconf 64' lang='lat' dir='ltr'>psittacum</span> <span class='ocrx_word' id='word_1_449' title='bbox 773 4264 847 4323; x_wconf 83' lang='lat' dir='ltr'>boni</span> <span class='ocrx_word' id='word_1_450' title='bbox 863 4268 933 4323; x_wconf 82' lang='lat' dir='ltr'>odo·</span> <span class='ocrx_word' id='word_1_451' title='bbox 948 4275 973 4336; x_wconf 83' lang='grc' dir='ltr'>Ι)</span> <span class='ocrx_word' id='word_1_452' title='bbox 989 4265 1195 4348; x_wconf 85' lang='lat' dir='ltr'>proportione</span> <span class='ocrx_word' id='word_1_453' title='bbox 1211 4265 1449 4345; x_wconf 81' lang='lat' dir='ltr'>acceptia,qan&#39;a</span> <span class='ocrx_word' id='word_1_454' title='bbox 1462 4274 1609 4325; x_wconf 77' lang='lat' dir='ltr'>carectum</span> <span class='ocrx_word' id='word_1_455' title='bbox 1621 4275 1666 4325; x_wconf 80' lang='lat' dir='ltr'>est</span> <span class='ocrx_word' id='word_1_456' title='bbox 1678 4267 1735 4324; x_wconf 83' lang='lat' dir='ltr'>Do</span> 
     </span>
    </p>
   </div>
   <div class='ocr_carea' id='block_1_12' title="bbox 185 4359 934 4442">
    <p class='ocr_par' dir='ltr' id='par_1_13' title="bbox 185 4359 934 4442">
     <span class='ocr_line' id='line_1_71' title="bbox 185 4359 934 4442; baseline 0.001 -21"><span class='ocrx_word' id='word_1_457' title='bbox 185 4360 432 4424; x_wconf 72' lang='lat' dir='ltr'>risSeeundum</span> <span class='ocrx_word' id='word_1_458' title='bbox 447 4359 781 4440; x_wconf 83' lang='lat' dir='ltr'>Glossam,galbanum</span> <span class='ocrx_word' id='word_1_459' title='bbox 799 4380 853 4424; x_wconf 91' lang='lat' dir='ltr'>seu</span> <span class='ocrx_word' id='word_1_460' title='bbox 870 4362 934 4442; x_wconf 89' lang='lat' dir='ltr'>gal-</span> 
     </span>
    </p>
   </div>
   <div class='ocr_carea' id='block_1_13' title="bbox 989 4362 1736 4444">
    <p class='ocr_par' dir='ltr' id='par_1_14' title="bbox 989 4362 1736 4444">
     <span class='ocr_line' id='line_1_72' title="bbox 989 4362 1736 4444; baseline 0 -19"><span class='ocrx_word' id='word_1_461' title='bbox 989 4368 1089 4435; x_wconf 81' lang='lat' dir='ltr'>nzino,</span> <span class='ocrx_word' id='word_1_462' title='bbox 1106 4365 1195 4444; x_wconf 83' lang='lat' dir='ltr'>juxta</span> <span class='ocrx_word' id='word_1_463' title='bbox 1216 4382 1344 4425; x_wconf 83' lang='lat' dir='ltr'>sensum</span> <span class='ocrx_word' id='word_1_464' title='bbox 1361 4363 1400 4425; x_wconf 90' lang='lat' dir='ltr'>dc</span> <span class='ocrx_word' id='word_1_465' title='bbox 1419 4363 1490 4426; x_wconf 88' lang='lat' dir='ltr'>oleo</span> <span class='ocrx_word' id='word_1_466' title='bbox 1506 4362 1667 4426; x_wconf 91' lang='lat' dir='ltr'>unctionis</span> <span class='ocrx_word' id='word_1_467' title='bbox 1688 4362 1736 4425; x_wconf 93' lang='lat' dir='ltr'>in-</span> 
     </span>
    </p>
   </div>
   <div class='ocr_carea' id='block_1_14' title="bbox 181 4457 1735 4841">
    <p class='ocr_par' dir='ltr' id='par_1_15' title="bbox 181 4457 1735 4841">
     <span class='ocr_line' id='line_1_73' title="bbox 181 4457 1734 4544; baseline -0.001 -21"><span class='ocrx_word' id='word_1_468' title='bbox 181 4459 285 4523; x_wconf 63' lang='lat' dir='ltr'>⁴banus</span> <span class='ocrx_word' id='word_1_469' title='bbox 311 4467 360 4521; x_wconf 88' lang='grc' dir='ltr'>θεῖ</span> <span class='ocrx_word' id='word_1_470' title='bbox 386 4478 499 4521; x_wconf 87' lang='lat' dir='ltr'>suootts</span> <span class='ocrx_word' id='word_1_471' title='bbox 525 4457 635 4521; x_wconf 75' lang='lat' dir='ltr'>serulae</span> <span class='ocrx_word' id='word_1_472' title='bbox 660 4458 737 4521; x_wconf 91' lang='lat' dir='ltr'>boni</span> <span class='ocrx_word' id='word_1_473' title='bbox 760 4460 877 4537; x_wconf 89' lang='lat' dir='ltr'>odoris,</span> <span class='ocrx_word' id='word_1_474' title='bbox 902 4469 933 4523; x_wconf 90' lang='grc' dir='ltr'>θῖ</span> <span class='ocrx_word' id='word_1_475' title='bbox 989 4465 1131 4527; x_wconf 85' lang='lat' dir='ltr'>ductum.</span> <span class='ocrx_word' id='word_1_476' title='bbox 1156 4466 1260 4524; x_wconf 83' lang='lat' dir='ltr'>Homo</span> <span class='ocrx_word' id='word_1_477' title='bbox 1282 4464 1475 4541; x_wconf 78' lang='lat' dir='ltr'>quicumque</span> <span class='ocrx_word' id='word_1_478' title='bbox 1495 4465 1607 4544; x_wconf 80' lang='lat' dir='ltr'>fecerit</span> <span class='ocrx_word' id='word_1_479' title='bbox 1628 4464 1734 4522; x_wconf 85' lang='lat' dir='ltr'>simile</span> 
     </span>
     <span class='ocr_line' id='line_1_74' title="bbox 187 4557 1735 4645; baseline -0.001 -23"><span class='ocrx_word' id='word_1_480' title='bbox 187 4560 327 4622; x_wconf 85' lang='lat' dir='ltr'>nascitur</span> <span class='ocrx_word' id='word_1_481' title='bbox 349 4558 382 4620; x_wconf 93' lang='lat' dir='ltr'>in</span> <span class='ocrx_word' id='word_1_482' title='bbox 410 4557 500 4640; x_wconf 76' lang='lat' dir='ltr'>Syria</span> <span class='ocrx_word' id='word_1_483' title='bbox 525 4557 681 4639; x_wconf 91' lang='lat' dir='ltr'>optimum</span> <span class='ocrx_word' id='word_1_484' title='bbox 705 4577 711 4619; x_wconf 93' lang='lat'>:</span> <span class='ocrx_word' id='word_1_485' title='bbox 734 4559 934 4639; x_wconf 77' lang='lat' dir='ltr'>cartilagine</span> <span class='ocrx_word' id='word_1_486' title='bbox 990 4562 1163 4645; x_wconf 69' lang='lat' dir='ltr'>thymiama</span> <span class='ocrx_word' id='word_1_487' title='bbox 1188 4581 1245 4624; x_wconf 91' lang='lat' dir='ltr'>seu</span> <span class='ocrx_word' id='word_1_488' title='bbox 1270 4561 1452 4640; x_wconf 85' lang='lat' dir='ltr'>mixturam,</span> <span class='ocrx_word' id='word_1_489' title='bbox 1470 4573 1506 4623; x_wconf 85' lang='lat' dir='ltr'>ut</span> <span class='ocrx_word' id='word_1_490' title='bbox 1527 4566 1620 4622; x_wconf 82' lang='lat' dir='ltr'>odore</span> <span class='ocrx_word' id='word_1_491' title='bbox 1643 4563 1735 4621; x_wconf 80' lang='lat' dir='ltr'>itlius</span> 
     </span>
     <span class='ocr_line' id='line_1_75' title="bbox 186 4657 1732 4742; baseline 0 -21"><span class='ocrx_word' id='word_1_492' title='bbox 186 4679 252 4721; x_wconf 89' lang='lat' dir='ltr'>sum</span> <span class='ocrx_word' id='word_1_493' title='bbox 276 4666 325 4723; x_wconf 88' lang='lat' dir='ltr'>est</span> <span class='ocrx_word' id='word_1_494' title='bbox 345 4667 377 4721; x_wconf 93' lang='lat' dir='ltr'>et</span> <span class='ocrx_word' id='word_1_495' title='bbox 401 4658 508 4719; x_wconf 92' lang='lat' dir='ltr'>minus</span> <span class='ocrx_word' id='word_1_496' title='bbox 531 4657 702 4738; x_wconf 84' lang='lat' dir='ltr'>lignosum,</span> <span class='ocrx_word' id='word_1_497' title='bbox 721 4660 813 4739; x_wconf 90' lang='lat' dir='ltr'>cujus</span> <span class='ocrx_word' id='word_1_498' title='bbox 837 4659 933 4722; x_wconf 89' lang='lat' dir='ltr'>odoro</span> <span class='ocrx_word' id='word_1_499' title='bbox 986 4663 1195 4742; x_wconf 81' lang='lat' dir='ltr'>perfruatur,</span> <span class='ocrx_word' id='word_1_500' title='bbox 1201 4663 1321 4737; x_wconf 81' lang='lat' dir='ltr'>peribit</span> <span class='ocrx_word' id='word_1_501' title='bbox 1336 4665 1377 4721; x_wconf 85' lang='lat' dir='ltr'>da</span> <span class='ocrx_word' id='word_1_502' title='bbox 1388 4664 1520 4740; x_wconf 82' lang='lat' dir='ltr'>populis</span> <span class='ocrx_word' id='word_1_503' title='bbox 1534 4663 1613 4733; x_wconf 82' lang='lat' dir='ltr'>sois,</span> <span class='ocrx_word' id='word_1_504' title='bbox 1626 4660 1658 4722; x_wconf 92' lang='lat' dir='ltr'>id</span> <span class='ocrx_word' id='word_1_505' title='bbox 1674 4668 1732 4738; x_wconf 91' lang='lat' dir='ltr'>cst,</span> 
     </span>
     <span class='ocr_line' id='line_1_76' title="bbox 188 4756 1477 4841; baseline 0.001 -22"><span class='ocrx_word' id='word_1_506' title='bbox 188 4756 334 4839; x_wconf 84' lang='lat' dir='ltr'>lugentur</span> <span class='ocrx_word' id='word_1_507' title='bbox 357 4764 535 4841; x_wconf 77' lang='lat' dir='ltr'>serpentes</span> <span class='ocrx_word' id='word_1_508' title='bbox 552 4756 637 4819; x_wconf 84' lang='lat' dir='ltr'>Alibi</span> <span class='ocrx_word' id='word_1_509' title='bbox 658 4756 775 4839; x_wconf 88' lang='lat' dir='ltr'>legitur</span> <span class='ocrx_word' id='word_1_510' title='bbox 790 4759 875 4839; x_wconf 92' lang='lat' dir='ltr'>quod</span> <span class='ocrx_word' id='word_1_511' title='bbox 892 4759 933 4821; x_wconf 92' lang='lat' dir='ltr'>sit</span> <span class='ocrx_word' id='word_1_512' title='bbox 988 4760 1118 4823; x_wconf 86' lang='lat' dir='ltr'>tolletur</span> <span class='ocrx_word' id='word_1_513' title='bbox 1133 4758 1173 4820; x_wconf 92' lang='lat' dir='ltr'>de</span> <span class='ocrx_word' id='word_1_514' title='bbox 1190 4767 1272 4821; x_wconf 90' lang='lat' dir='ltr'>terra</span> <span class='ocrx_word' id='word_1_515' title='bbox 1288 4758 1477 4822; x_wconf 84' lang='lat' dir='ltr'>viventium.</span> 
     </span>
    </p>
   </div>
   <div class='ocr_carea' id='block_1_15' title="bbox 0 0 2167 6259">
    <p class='ocr_par' dir='ltr' id='par_1_16' title="bbox 0 0 2167 6259">
     <span class='ocr_line' id='line_1_77' title="bbox 0 0 2167 6259; baseline 0 0"><span class='ocrx_word' id='word_1_516' title='bbox 0 0 2167 6259; x_wconf 95' lang='lat' dir='ltr'> </span> 
     </span>
    </p>
   </div>
  </div>
 </body>
</html>
