4309 6259
431 494 491 558 ¹88
812 520 987 568 manuario
1008 523 1039 570 ur
1060 521 1129 568 can.
1153 521 1207 568 un
1227 520 1364 568 uuurru.
1386 539 1427 552 -
1447 521 1517 568 aar.
1541 521 1594 568 xrx

429 695 541 752 statem
566 689 744 772 accipiendi
767 693 828 756 ista
849 714 867 757 a
889 693 1002 776 plebe;
1020 691 1211 775 tanquamn
1228 693 1411 770 sacerdotis,
1429 693 1511 756 sicut
1527 692 1642 756 deinde
1658 693 1690 755 in
1707 691 1780 756 aliis
1800 691 1969 755 sacrificiis

427 786 547 851 diceret
564 807 571 851 :
588 789 730 872 Accipite
745 800 932 873 potestatem
950 792 1095 855 sumendi
1113 792 1172 855 ista
1226 800 1391 855 cesserunt
1406 791 1591 874 pectuscula
1607 793 1640 853 in
1659 801 1780 875 partem
1796 791 1909 868 Aaron,
1928 791 1968 852 ii—

426 905 445 948 a
470 888 599 970 populo,
626 890 771 971 quadam
795 892 834 953 ad
860 891 1090 954 immolandum
1116 893 1172 954 llo-
1226 891 1406 973 liorumquo
1429 893 1509 974 ejus.
1527 893 1621 954 Sicut
1639 901 1834 969 preceperat
1854 893 1885 950 et
1905 895 1968 953 Do

426 985 676 1068 mino,quaedam
688 989 727 1051 ad
743 1009 833 1052 esum
844 999 985 1053 vestrum
997 1009 1052 1053 seu
1063 1010 1168 1053 usum.
1226 992 1345 1051 miuus.
1356 990 1419 1052 Hoc
1436 1008 1574 1071 namque
1589 989 1622 1050 in
1637 989 1744 1053 Exodo
1760 989 1873 1068 legitur
1883 990 1966 1051 Deus
1980 1011 2094 1056 amaa.

427 1087 490 1153 Qui
500 1097 671 1165 postquam
688 1091 875 1150 meaverunt
888 1111 926 1151 eu
940 1111 1048 1151 corum
1064 1093 1171 1151 Domi·
1224 1087 1253 1151 ei
1267 1089 1412 1169 jussisse.
1427 1092 1662 1168 Assumensque
1676 1098 1889 1167 unquentum.
1902 1088 1966 1151 Hoc
1981 1078 2016 1116 ²⁶·

423 1205 465 1244 uo
481 1183 599 1265 :quasi
616 1187 655 1248 ad
673 1184 963 1267 recognoscendum
980 1197 1168 1270 potestatem
1224 1195 1423 1268 unguentum
1449 1196 1580 1251 vocatur
1606 1188 1711 1250 oleum
1740 1187 1902 1249 unctionis
1931 1187 1964 1248 in
1994 1201 2078 1244 nun

424 1282 506 1344 hanc
522 1283 583 1345 sibi
602 1303 620 1346 a
642 1286 704 1348 Deo
725 1286 883 1363 collatam,
900 1296 996 1368 atque
1010 1288 1050 1350 ad
1066 1307 1171 1369 regra-

425 1380 570 1443 tiandum
596 1402 693 1464 super
718 1382 778 1447 hoc
803 1384 958 1460 [lomin03
979 1395 1010 1448 et
1033 1386 1109 1448 item
1130 1387 1169 1448 ad

425 1482 717 1561 repraesentandum
729 1491 760 1544 et
770 1484 964 1546 exorandum
976 1484 1169 1548 utllominus

426 1591 543 1641 corum·
564 1579 743 1644 ministeria
769 1591 957 1664 acceptaret,
985 1583 1168 1664 insignum

426 1695 554 1758 quoque
574 1678 764 1742 obedientiae
783 1700 848 1744 sura
867 1683 906 1744 ad
927 1681 982 1744 llei
1003 1683 1169 1746 honorem.

429 1777 571 1840 -Porro
582 1777 727 1857 Magister
739 1778 772 1840 in
789 1779 931 1842 historiis
946 1780 1054 1843 addit:
1068 1780 1170 1855 Quum

1224 1285 1341 1349 Exodo.
1363 1289 1406 1348 Et
1426 1289 1620 1364 sanquinem
1641 1289 1700 1366 qui
1722 1297 1791 1348 erat
1811 1291 1967 1364 supercl-

1226 1394 1304 1455 ture,
1321 1403 1415 1465 quem
1440 1384 1567 1446 miscuit
1589 1383 1669 1448 oleo.
1694 1384 1817 1447 Miscuit
1839 1402 1966 1464 quoquc

1225 1500 1324 1563 aquas
1342 1480 1536 1559 lentium,ut
1552 1482 1584 1544 in
1597 1482 1790 1546 Scholastica
1807 1481 1906 1545 fertur
1921 1483 1967 1544 hi-

1226 1580 1334 1643 storia.
1345 1584 1512 1660 Adspersit
1526 1601 1622 1659 super
1632 1585 1744 1642 Aaron
1759 1592 1788 1642 ct
1805 1583 1969 1642 vestimur-

1227 1691 1260 1742 tu
1279 1681 1359 1758 ejus,
1377 1691 1406 1741 ct
1424 1701 1522 1759 super
1539 1683 1625 1758 filios
1645 1683 1737 1741 illius
1754 1701 1793 1740 nc
1813 1690 1907 1742 vestes
1919 1701 1969 1741 co-

1225 1801 1313 1851 rum,
1330 1778 1438 1842 omnia
1458 1779 1577 1860 pariter
1596 1781 1821 1842 consecrando.
1838 1779 1967 1861 Nempe,

429 1875 533 1938 Aaron
554 1883 587 1938 et
607 1874 669 1937 lilii
689 1877 758 1959 ejus
780 1885 924 1940 tenerent
941 1879 998 1940 illa
1017 1879 1050 1941 in
1071 1879 1172 1941 mani·
1190 1880 1261 1941 But
1288 1879 1416 1955 dicitur,
1443 1878 1529 1941 solus
1557 1877 1701 1959 pontifex
1727 1877 1913 1957 ungebatur,
1937 1886 1969 1940 ct

429 1972 500 2050 bus,
520 1974 639 2056 Moyses
655 1975 859 2058 superposuit
878 1976 1028 2040 omnibus
1048 1986 1173 2060 pectus-

430 2071 550 2134 culum.
577 2073 665 2136 Unde
690 2082 721 2137 et
743 2075 962 2156 pectusculum
985 2076 1172 2139 elevationis

430 2169 552 2233 dictum
577 2181 636 2249 est,
659 2172 735 2253 quia
759 2174 910 2237 omnibus
934 2175 1171 2258 superpositum

431 2266 509 2331 luit:
523 2269 557 2331 in
573 2270 699 2349 signum
715 2281 833 2349 tamen,
844 2274 930 2354 quod
946 2273 1092 2356 superior
1106 2291 1173 2336 om-

432 2367 521 2430 nium
538 2377 586 2431 est
601 2370 767 2452 sapientia,
785 2389 857 2452 quaa
872 2390 929 2455 per
943 2381 1055 2455 pectus
1070 2371 1174 2454 expri-

432 2466 540 2528 mitur.
558 2468 687 2549 Legitur
702 2468 797 2531 etiam
819 2469 865 2533 sic
880 2479 1026 2534 vocatum
1044 2479 1174 2553 propter

429 2564 639 2628 ollerentium
652 2566 871 2631 elevationem.
881 2569 915 2631 ln
929 2569 1075 2651 pacilicis
1085 2569 1175 2652 quip

430 2683 471 2745 pe
486 2673 518 2726 et
533 2665 726 2727 salutaribus
741 2665 855 2730 hostiis
870 2666 1056 2745 ollerentes,
1070 2669 1174 2750 primo

431 2761 599 2825 elevabant
618 2782 740 2827 armum
762 2773 794 2828 et
808 2774 920 2848 pectus
941 2785 1047 2830 coram
1069 2767 1175 2830 [lomi-

432 2879 484 2938 no,
501 2862 617 2926 deinde
635 2864 802 2927 tradebant
821 2883 858 2927 ea
875 2864 1092 2929 sacerdotibus
1110 2875 1175 2928 tan·

430 2978 525 3040 quam
546 2969 651 3043 partes
668 2962 715 3025 eis
731 2983 749 3024 a
763 2963 897 3026 Domino
917 2965 1103 3045 assignatas.
1121 2965 1176 3026 Ar-

1227 1976 1473 2040 consccrabatur
1492 1976 1562 2039 oleo
1584 1976 1744 2040 unctionis
1766 1976 1968 2058 impermixto

1227 2085 1258 2139 et
1273 2094 1353 2158 puro
1370 2094 1523 2139 seorsum.
1542 2075 1602 2138 Sed
1618 2084 1681 2138 tam
1699 2075 1767 2158 ipse
1781 2094 1874 2156 quam
1892 2074 1970 2137 inle

1227 2173 1327 2237 riores
1345 2173 1535 2250 sacerdotes,
1552 2173 1819 2236 consecrabantur
1839 2173 1969 2254 adsper-

1227 2272 1318 2335 sione
1332 2271 1428 2353 hujus
1443 2271 1597 2350 unguenti
1613 2290 1668 2334 seu
1683 2271 1745 2334 olei
1760 2271 1862 2333 mixti.

1275 2373 1445 2450 Quumque
1467 2373 1695 2447 sanctificasset
1720 2389 1770 2430 eos
1793 2372 1828 2430 iu
1855 2372 1971 2430 vestitu

1229 2489 1297 2541 suo,
1315 2467 1346 2529 id
1367 2475 1414 2530 est
1436 2468 1468 2530 in
1483 2468 1627 2531 vestibus
1647 2486 1755 2531 eorum
1773 2469 1973 2531 sacerdotali-

1228 2565 1384 2647 bus,quas
1397 2565 1491 2628 simul
1503 2585 1576 2628 cum
1592 2565 1670 2648 ipsis
1681 2566 1972 2645 consecravitprm

1228 2667 1310 2743 cepit
1320 2667 1377 2738 eis,
1388 2667 1499 2725 diceus
1510 2687 1521 2725 :
1533 2667 1663 2744 voquite
1672 2685 1783 2726 carnes
1798 2675 1873 2726 unte
1887 2667 1972 2744 sores

1231 2763 1482 2834 tabernacuti,id
1496 2771 1555 2840 est,
1565 2763 1653 2826 cibos
1665 2770 1696 2826 ct
1708 2781 1819 2825 carnes
1831 2762 1864 2824 in
1878 2783 1971 2826 usum

1230 2869 1372 2924 vestrum
1388 2862 1546 2934 cedentes,
1565 2870 1673 2943 parate
1687 2869 1760 2924 ante
1775 2861 1972 2925 tabernaculi

1228 2960 1370 3041 januam,
1383 2968 1414 3022 et
1430 2969 1517 3022 extra
1533 2959 1623 3036 illud,
1637 2968 1712 3041 puta
1728 2958 1761 3021 in
1777 2960 1869 3036 atrio,
1882 2971 1912 3021 et
1927 2963 1974 3020 ibi

431 3078 502 3121 mus
523 3078 599 3123 vero
622 3080 677 3124 seu
703 3062 854 3124 humerus
876 3063 986 3126 dexter
1009 3064 1175 3127 dicebatur
1192 3065 1214 3128 C
1230 3061 1382 3120 comedite
1394 3078 1459 3129 eus,
1476 3057 1625 3122 videlicet
1646 3057 1678 3119 in
1699 3067 1809 3122 sancto
1831 3058 1911 3135 loco,
1929 3059 1974 3121 ita

430 3158 652 3240 separationis,
664 3159 739 3241 quia
755 3161 787 3222 in
804 3161 1004 3243 separatione
1019 3162 1175 3226 membro
1229 3158 1315 3238 quod
1335 3175 1394 3219 nec
1416 3175 1474 3238 pro
1497 3155 1671 3219 relectione
1694 3156 1786 3220 liccat
1808 3156 1900 3219 vobis
1921 3175 1973 3219 en-

431 3276 501 3318 rum
518 3257 640 3335 hostiae,
659 3258 781 3340 primus
797 3259 837 3321 ab
852 3279 890 3322 ea
906 3261 1124 3342 separabatur,
1143 3270 1175 3324 et
1230 3256 1286 3319 ire.
1310 3259 1418 3318 Panes
1440 3275 1564 3335 quoque
1584 3257 1842 3325 consecrationis,
1858 3255 1914 3336 qui
1939 3256 1971 3317 in

430 3355 507 3436 quia
527 3355 559 3416 in
580 3364 703 3437 partem
723 3358 924 3420 sacerdotum
945 3358 1037 3421 illum
1054 3361 1174 3442 Moyses
1229 3363 1335 3419 vestra
1349 3353 1587 3418 consecratione
1601 3363 1632 3417 et
1647 3372 1705 3435 pro
1720 3373 1757 3416 ea
1771 3353 1868 3417 oblati
1886 3363 1970 3428 sunt,

429 3453 599 3535 separavit,
628 3463 777 3535 tanquam
805 3456 958 3519 membris
985 3457 1099 3521 ceteris
1126 3459 1174 3520 di·
1229 3455 1323 3524 edite,
1348 3455 1406 3534 qui
1426 3455 1528 3530 positi
1551 3463 1628 3514 sunt
1653 3455 1689 3512 in
1713 3456 1868 3524 canulro,
1889 3456 1973 3514 sicut

429 3552 585 3630 gniorem.
603 3553 719 3616 Dicunt
738 3555 857 3618 etenim
878 3555 1019 3637 quidam,
1037 3559 1121 3639 quod
1141 3558 1174 3619 in
1226 3553 1380 3629 proecept't
1395 3553 1480 3610 milti
1494 3553 1665 3622 Dominus,
1680 3553 1930 3612 diceus.·Aurcn
1944 3561 1973 3612 et

429 3650 622 3716 formatione
636 3654 778 3736 corporis
794 3655 941 3718 animalis
957 3656 990 3717 in
1007 3665 1098 3720 utero
1114 3676 1176 3719 ma·
1229 3651 1297 3729 filii
1310 3652 1380 3728 ejus
1395 3653 1557 3710 comedent
1567 3652 1797 3729 eos.Qut'dquid
1806 3659 1915 3710 autem
1931 3670 1974 3709 rer

429 3751 499 3828 tris,
511 3771 530 3814 a
544 3753 673 3816 dextero
689 3753 822 3816 humero
838 3754 1019 3817 inchoatur.
1029 3756 1100 3819 llaec
1117 3756 1173 3818 ibi.
1225 3752 1359 3828 ,liquam
1374 3751 1530 3829 [ueritate
1545 3758 1683 3809 rarneet
1699 3751 1852 3828 panibus,
1864 3747 1898 3810 id
1914 3757 1971 3826 est,

433 3887 474 3898 —
487 3855 633 3913 Rursum
653 3864 796 3930 suscepta
817 3857 857 3913 de
878 3856 1028 3915 munibus
1051 3875 1176 3925 eorum,
1231 3849 1315 3930 quod
1332 3847 1437 3930 primo
1453 3847 1505 3909 die
1520 3847 1770 3928 supermanscrit
1784 3847 1853 3909 esui
1869 3856 1973 3909 restro

431 3953 582 4021 utotevit,
595 3950 626 4012 id
643 3959 701 4028 cst,
713 3952 867 4014 cremarit
881 3971 919 4015 ea
933 3952 1062 4034 Moyses,
1079 3975 1176 4033 super
1230 3948 1271 4010 de
1295 3946 1446 4009 carnibus
1471 3945 1580 4007 arietis
1605 3944 1864 4022 consecrationis,
1885 3945 1975 4027 pani-

432 4052 535 4109 ulturc
560 4052 747 4121 holocausti,
764 4069 798 4109 eo
820 4054 907 4129 quod
929 4054 1176 4113 consecrationis
1231 4045 1355 4126 busque
1371 4043 1522 4126 praelatis,
1536 4046 1623 4119 iouis
1637 4046 1790 4115 absumet,
1803 4043 1834 4106 id
1851 4052 1910 4120 cst,
1923 4045 1975 4106 die

431 4157 508 4207 esset
522 4149 651 4219 oculto,
665 4146 724 4210 hoc
739 4155 788 4208 est
803 4146 999 4211 sacrificium
1015 4151 1077 4214 [teo
1093 4150 1178 4214 obla·
1231 4151 1383 4226 sequente
1405 4142 1610 4205 cremabitur.
1628 4142 1704 4204 Nam
1726 4141 1807 4203 aries
1830 4141 1901 4218 iste,
1920 4143 1974 4223 qui

434 4253 499 4307 tum
525 4262 582 4326 pro
604 4245 842 4309 consecratione
864 4248 1086 4312 sacerdotum:
1106 4249 1177 4312 ideo
1192 4250 1215 4311 D
1231 4262 1289 4326 pro
1309 4241 1547 4306 consecratione
1569 4239 1776 4318 oflerebatur,
1795 4240 1857 4303 luit
1878 4241 1973 4304 ctiam

431 4344 470 4405 ad
486 4343 542 4406 Dei
558 4343 766 4406 reverentiam
782 4345 992 4407 cremabatur.
1002 4346 1092 4410 Unde
1107 4347 1177 4410 sub
1231 4341 1350 4405 oblatio
1366 4339 1504 4423 paciiica
1520 4356 1578 4421 pro
1598 4338 1769 4418 gratiarum
1791 4339 1917 4403 actione
1936 4341 1975 4402 de

430 4442 577 4523 jungitur
595 4459 602 4503 :
620 4444 657 4502 iu
678 4446 805 4503 odorem
826 4446 1000 4506 suavitatis
1020 4449 1178 4524 sacrificii
1231 4439 1401 4503 beneficiis
1416 4440 1481 4520 jam
1497 4437 1668 4515 concessis,
1681 4446 1757 4520 puta
1772 4456 1830 4519 pro
1845 4438 1976 4520 pontili-

431 4542 571 4602 Domiuo
582 4562 594 4600 .·
609 4538 684 4622 quia
699 4540 745 4604 sic
764 4542 886 4624 placuit
905 4543 946 4606 ei.
966 4548 1128 4624 Tutitque,
1145 4543 1177 4607 id
1231 4547 1303 4603 catu
1324 4559 1360 4601 ac
1382 4537 1557 4602 sacerdotio
1575 4539 1712 4619 desuper
1727 4537 1809 4600 datis
1824 4537 1928 4600 Aaron
1945 4547 1976 4600 ct

432 4646 491 4715 est,
513 4639 632 4722 Moyses
658 4640 690 4701 in
718 4659 814 4702 manu
841 4661 898 4703 sua
923 4640 1054 4724 accepit,
1073 4651 1104 4704 et
1127 4662 1178 4720 pe
1233 4639 1312 4702 liliis
1327 4639 1408 4720 ejus.
1427 4637 1498 4700 ldeo
1514 4637 1597 4718 quod
1615 4636 1895 4718 superluitprimo
1911 4637 1974 4714 dic,

432 4743 614 4799 olusculum
626 4738 751 4820 pratati
767 4738 1021 4817 arietis,etevuus
1035 4743 1179 4802 illudue
1233 4757 1296 4804 non
1317 4745 1441 4820 poterat
1457 4736 1489 4798 in
1506 4734 1645 4798 crastino
1661 4735 1857 4812 manducari,
1867 4754 1976 4816 quem·
2002 4757 2060 4801 reru.
2073 4759 2105 4797 ss.

433 4856 506 4895 ram
515 4836 699 4906 Dominum
711 4837 952 4916 recognitionem
963 4839 1190 4918 etgratiarum‘
1232 4838 1402 4901 admodum
1418 4835 1457 4897 de
1475 4834 1529 4897 tali
1544 4833 1705 4897 sacrificio
1721 4834 1840 4897 dictum
1856 4844 1915 4896 est.

434 4933 604 5011 actionem,
619 4936 704 5016 quod
725 4935 805 4998 illud
823 4936 886 4998 luit
902 4955 959 4999 suo
975 4937 1047 4999 usui
1063 4937 1180 5001 divini·
1269 4941 1315 4997 De
1329 4937 1408 4995 ostio
1418 4953 1541 5014 quoque
1557 4935 1757 4994 tabernaculi
1770 4951 1835 4993 uon
1848 4935 1977 4993 euthicis

436 5038 487 5092 tus
509 5031 707 5113 deputatum.
727 5033 807 5097 Hinc
829 5035 1001 5097 subditur:
1019 5039 1060 5096 de
1081 5040 1181 5098 ariete
1233 5044 1350 5113 septem
1365 5035 1477 5092 diebus
1492 5030 1750 5094 consecrationis.
1768 5031 1835 5092 lam
1855 5030 1975 5093 dictum

436 5132 682 5190 consecrationis
704 5134 741 5192 iu
758 5143 886 5210 purtem
906 5153 1001 5194 suam
1017 5153 1028 5193 .·
1043 5133 1120 5214 quia
1141 5135 1181 5197 de
1234 5140 1293 5208 est,
1310 5132 1396 5212 quod
1419 5131 1451 5192 in
1475 5130 1556 5193 atrio
1577 5129 1757 5212 coquebant
1781 5136 1812 5192 et
1833 5131 1977 5192 comede-

436 5226 536 5290 ariete
551 5245 608 5309 pro
625 5229 823 5292 sacerdotum
839 5231 1079 5294 consecratione
1095 5232 1182 5295 obla·
1235 5230 1328 5293 bant:
1342 5229 1460 5292 idcirco
1474 5229 1559 5310 quod
1575 5228 1630 5305 ait,
1641 5229 1683 5292 lie
1698 5228 1779 5291 ostio
1794 5228 1977 5292 tabernacu-

437 5333 480 5403 lo,
498 5326 559 5390 hoc
578 5325 676 5390 cessit
696 5327 729 5389 in
750 5337 872 5411 partem
894 5329 1007 5412 Moysis
1030 5338 1181 5413 tanquam
1236 5328 1526 5409 li‚intelligendum
1542 5335 1590 5390 est
1605 5345 1678 5390 cum
1694 5325 1872 5390 inclusione
1887 5327 1975 5402 atrii;
