4309 6259
443 415 503 481 toa
759 433 933 480 manuario
954 434 985 479 ur
1006 433 1075 480 cer.
1098 432 1164 480 un
1185 433 1419 490 hemenonem.
1443 454 1484 464 —
1502 436 1575 482 aar.
1597 437 1671 482 mr

439 604 478 666 ad
502 603 587 667 viros
612 605 850 687 spectantibus;
868 606 922 668 sed
945 606 1011 669 suis
1038 603 1184 668 terminis
1201 605 1299 681 hest,
1320 607 1595 684 conversationem
1618 608 1695 671 vitio
1715 607 1926 688 duplicitatis,
1945 607 1982 670 si·

441 701 481 762 sit
496 709 655 780 contenta,
674 723 731 766 nec
747 703 905 766 dominari
921 711 1042 784 quaerat
1057 702 1183 779 marito,
1240 704 1426 767 mulationis
1444 713 1499 767 aut
1517 705 1701 768 calliditatis
1717 724 1920 786 nequaquam
1935 707 1983 767 ad

440 819 498 862 nec
510 801 638 882 publice
649 803 820 883 praedicare
835 811 887 864 aut
904 802 1002 864 sacris
1012 801 1185 864 Ordinibus
1240 801 1359 864 mittas.

441 898 584 980 ingerere
613 919 647 964 se
672 910 852 983 praesumat,
870 909 901 964 et
926 921 998 982 quae
1027 901 1060 962 in
1090 902 1185 963 domo
1279 904 1320 962 Si
1333 905 1467 963 decerit
1482 904 1535 962 vir
1549 923 1696 972 uamem,
1711 902 1744 964 id
1765 911 1824 980 est,
1841 903 1981 965 animam

438 999 560 1078 agenda
576 1007 660 1076 sunt,
678 1001 852 1081 prudenter
867 1006 1023 1074 exerceat,
1041 1016 1107 1061 non
1123 998 1185 1060 dis·
1238 998 1376 1079 alicujus
1397 1001 1568 1080 regendam
1589 1001 1760 1083 acceperit,
1776 1001 1827 1064 rel
1854 1019 1983 1082 congre

438 1115 570 1159 currens
597 1117 655 1161 nec
677 1099 830 1178 garriens.
850 1102 915 1160 Nec
937 1100 989 1158 vr'r
1012 1108 1121 1159 utetur
1136 1117 1185 1156 ve·
1238 1097 1982 1182 gationialicuipraeferatunetposteaexmotu

436 1205 482 1256 ste
505 1197 658 1274 feminea,
677 1196 708 1258 id
732 1205 790 1274 est,
816 1195 961 1260 feminea
985 1195 1120 1271 levitati,
1138 1194 1185 1256 in·
1237 1196 1414 1259 aversionis
1429 1217 1466 1260 ac
1486 1197 1696 1279 displicentia
1710 1208 1830 1280 quaerat
1844 1219 1916 1262 eam
1936 1219 1983 1262 re·

437 1294 634 1372 constantim,
653 1294 901 1378 imperfectioni,
919 1293 1100 1357 carnalitati
1117 1311 1181 1356 non
1239 1292 1395 1375 linquere,
1413 1295 1582 1377 imponens
1603 1296 1651 1357 illi
1666 1315 1901 1378 quemcumque
1915 1315 1982 1377 gra-

438 1389 636 1470 suhjiciatur.
655 1395 695 1454 Si
715 1396 832 1453 nidum
850 1394 921 1454 ovis
944 1392 1113 1452 inveneris
1132 1389 1184 1450 n'i-
1239 1410 1309 1454 vem
1321 1410 1496 1470 excessum,
1508 1402 1712 1457 auterrorem
1724 1394 1756 1456 in
1768 1394 1844 1472 fide,
1858 1396 1982 1458 etlleus

438 1489 496 1551 dus
512 1489 591 1566 avis,
603 1498 651 1553 est
660 1491 785 1553 mansio
795 1491 910 1554 animae
922 1489 1099 1564 fructuosae,
1112 1507 1183 1569 quaa
1238 1498 1327 1573 pater
1349 1510 1386 1553 ac
1405 1499 1506 1554 mater
1521 1492 1661 1555 Ecclesia
1679 1494 1862 1575 oppositum
1884 1494 1981 1576 huJ'us

437 1606 493 1668 per
522 1588 825 1670 contemplationem
853 1587 1002 1650 nidificat
1032 1587 1065 1649 in
1090 1585 1183 1649 arbo
1237 1591 1496 1667 monstraverint,
1510 1591 1579 1672 ipse
1593 1590 1899 1673 debitissubjaeebit
1910 1612 1982 1675 sup

437 1703 481 1761 re,
495 1685 554 1750 hoc
569 1695 627 1764 est,
648 1687 680 1748 in
697 1705 790 1750 crure
805 1686 933 1763 Christi,
950 1685 1182 1749 considerando
1237 1687 1354 1770 pliciis.
1366 1687 1455 1761 Quod
1470 1689 1496 1750 si
1513 1689 1620 1751 anima
1635 1698 1690 1751 aut
1698 1691 1902 1770 congregatio
1917 1692 1980 1753 sihi

437 1783 624 1851 immensam
636 1785 886 1867 profunditatem
899 1784 1062 1866 sapientia
1073 1802 1183 1865 super·
1199 1787 1223 1849 B
1236 1786 1418 1862 commissa,
1429 1787 1461 1848 in
1472 1786 1566 1869 culpa
1576 1787 1741 1864 exstiterit,
1754 1788 1914 1869 lapidibus
1926 1789 1981 1852 ob

436 1882 632 1962 dignissime
642 1883 816 1959 Trinitatis,
826 1884 910 1947 circa
925 1882 1113 1965 mysterium
1125 1881 1180 1943 hu·

436 2000 538 2044 manta
549 1982 791 2064 redemptionis;
804 1982 981 2045 insistendo
991 1989 1098 2043 autem
1108 1998 1181 2063 ope

436 2078 525 2142 ribus
541 2080 612 2143 vitra
627 2080 746 2154 activa,
762 2080 794 2143 in
815 2089 899 2144 terra
922 2079 1091 2142 nidificat:
1108 2098 1180 2160 quta

436 2177 566 2241 incubat
587 2179 708 2242 oviset
730 2179 826 2261 pullis
843 2179 920 2256 suis,
939 2180 1014 2242 dum
1037 2178 1088 2241 vel
1110 2196 1180 2261 pro

435 2276 537 2358 priam
552 2278 861 2341 considerationem*
878 2277 1047 2354 examinat,
1066 2276 1176 2354 deflet,

434 2385 597 2457 expurgat,
621 2377 671 2440 vel
703 2376 764 2439 sihi
792 2376 972 2440 commissis
1002 2384 1057 2438 aut
1086 2375 1179 2457 spiri-

435 2474 574 2537 tualibus
595 2475 675 2538 filiis
691 2484 739 2539 est
755 2476 888 2553 intenta,
898 2476 1070 2555 arguendo,
1091 2475 1179 2538 ohse-

433 2575 562 2651 crando,
587 2574 783 2638 instruendo.
805 2575 888 2637 Talis
912 2575 1019 2636 anima
1042 2582 1178 2637 nonest

1236 1893 1356 1961 ructor,
1374 1884 1406 1946 id
1421 1893 1480 1960 est,
1497 1885 1612 1948 acriter
1627 1885 1815 1967 corripietur
1830 1906 1868 1950 ac
1883 1888 1974 1950 disei-

1235 1981 1423 2063 plinahitur.
1434 1983 1550 2046 Contra
1560 1984 1626 2046 haec
1636 1991 1746 2066 agunt,
1756 1985 1811 2066 qui
1826 1985 1979 2048 ecclesias

1234 2088 1289 2141 aut
1304 2080 1469 2162 parochias
1489 2081 1551 2143 sihi
1570 2082 1756 2144 commissas
1775 2081 1913 2145 faciliter
1926 2084 1979 2146 de

1234 2187 1345 2242 serunt
1368 2188 1400 2242 et
1422 2178 1495 2242 aliis
1520 2180 1752 2254 committunt3
1778 2191 1976 2263 peccantque

1234 2278 1432 2358 gravissime,
1458 2278 1514 2360 qui
1544 2277 1779 2342 insufficientes
1804 2279 1976 2342 instituunt

1234 2377 1302 2440 sive
1323 2375 1605 2456 substituentem
1624 2388 1821 2441 commutant
1835 2399 1909 2441 cum
1933 2389 1979 2442 ta-

1234 2475 1329 2537 libus
1346 2478 1386 2538 Si
1408 2478 1579 2537 dormierit
1603 2480 1655 2536 vir
1678 2497 1751 2538 cum
1772 2499 1872 2538 uxore
1897 2483 1978 2539 alte-

1233 2576 1316 2644 rius,
1331 2574 1364 2636 id
1382 2583 1441 2651 est,
1459 2575 1487 2636 si
1509 2575 1583 2656 quis
1605 2594 1754 2657 sponsam
1769 2576 1885 2638 Christi
1909 2595 1977 2641 cor-

434 2674 579 2751 tenenda,
593 2672 624 2735 id
640 2682 729 2750 est,a
745 2673 810 2735 suis
827 2673 985 2736 exercitiis
1002 2673 1178 2756 impedien-
1232 2672 1394 2754 poraliter‚
1411 2672 1660 2755 spiritualiterve
1681 2675 1832 2756 polluerit
1847 2699 1855 2748 3
1879 2675 1975 2738 ambo

432 2772 553 2847 da;sed
564 2772 687 2854 praefati
698 2771 778 2855 pulli
789 2772 890 2855 ipsius
900 2773 976 2853 jugo
987 2772 1176 2836 ohedientia
1232 2771 1393 2854 peribunt,
1414 2780 1446 2834 et
1469 2771 1606 2835 maxime
1627 2772 1706 2854 ipse,
1730 2773 1792 2835 nisi
1813 2774 1974 2853 condigne

432 2880 506 2933 sunt
519 2871 671 2948 arctandi,
684 2880 718 2934 ut
733 2880 916 2936 assuescant
932 2872 998 2952 regi
1013 2891 1049 2934 ac
1065 2890 1176 2953 parere
1231 2871 1418 2952 poeniteant.
1435 2872 1475 2932 Si
1492 2875 1639 2950 puellam
1661 2873 1820 2949 virginem
1840 2875 1975 2950 despon-

431 2969 464 3030 in
475 2970 636 3048 omnibus,
648 2989 705 3033 nec
716 2979 789 3033 ante
800 2980 925 3053 tempus
936 2979 1081 3052 quaerant
1091 2971 1213 3036 vola-C
1230 2971 1351 3030 severit
1366 2971 1430 3041 eir,
1447 2969 1479 3030 id
1494 2975 1553 3044 est,
1570 2969 1713 3032 Christus
1734 2977 1789 3032 aut
1803 2970 1874 3051 ejus
1889 2970 1976 3034 vica-

431 3086 475 3144 re,
489 3087 654 3150 quousque
665 3069 779 3151 pennis
795 3069 948 3132 virtutum
959 3089 995 3132 ac
1011 3068 1177 3151 sapientire

430 3168 631 3230 decorentur.
642 3171 746 3237 Quum
756 3170 970 3246 aedificaveris
979 3172 1112 3229 domum
1122 3188 1178 3229 no-

429 3287 517 3335 vam,
534 3265 639 3343 idest,
656 3275 847 3330 structuram
864 3275 895 3330 ct
914 3265 1094 3349 profectum
1112 3267 1175 3331 vir-

430 3370 534 3426 tutum
550 3364 583 3426 in
601 3373 630 3428 te
646 3364 715 3446 ipso
730 3374 785 3428 aut
796 3365 828 3428 in
845 3365 917 3427 aliis
934 3363 1059 3441 leceris,
1073 3369 1174 3445 sactes

428 3483 562 3525 murum
584 3467 655 3525 tecti
673 3486 733 3543 per
753 3467 939 3536 circuitum,
957 3464 989 3526 td
1004 3473 1062 3541 est,
1076 3464 1174 3525 'undi-

427 3580 491 3642 que
515 3561 640 3624 munies
664 3581 734 3624 eam
759 3562 961 3638 discretione,
979 3562 1172 3643 circumspe-

427 3659 543 3737 ctione,
556 3659 710 3736 custodia‚
728 3681 767 3720 ne
781 3664 970 3738 effundatur
983 3663 1119 3738 sanguis
1134 3662 1171 3722 in

426 3761 519 3820 domo
545 3769 615 3831 tea,
642 3759 674 3820 id
699 3766 761 3835 est,
788 3778 828 3822 ne
852 3758 991 3840 aliquem
1017 3758 1173 3820 scandali-

426 3875 487 3934 zes,
504 3865 557 3919 aut
572 3875 590 3920 a
607 3857 669 3920 tuis
685 3857 890 3920 scandalizari
907 3856 1083 3938 permittas.
1097 3859 1171 3921 Non

424 3977 506 4016 seres
526 3959 655 4018 clocam
678 3967 768 4017 taram
787 3959 887 4017 altero
905 3958 1036 4027 semine,
1058 3955 1089 4017 id
1111 3962 1169 4031 est,

426 4073 529 4136 neque
550 4054 583 4116 in
605 4073 680 4135 agro
700 4063 731 4118 ct
747 4055 841 4117 vinea
858 4053 962 4117 cordis
987 4053 1042 4132 tui,
1067 4071 1171 4135 neque

1231 3066 1297 3128 rius
1308 3066 1370 3130 sibi
1380 3066 1545 3130 caritative
1555 3066 1695 3130 univerit
1704 3067 1842 3130 animam
1855 3068 1976 3133 rirtuo

1230 3183 1297 3227 sam
1312 3174 1367 3227 aut
1381 3165 1658 3246 congregationem
1673 3165 1831 3242 devotam,
1842 3177 1875 3230 et
1889 3167 1975 3230 alius

1229 3282 1302 3326 cum
1328 3263 1384 3326 illa
1407 3263 1530 3341 coierit,
1556 3263 1588 3326 id
1613 3272 1671 3342 est,
1695 3265 1854 3347 deceperit
1874 3274 1973 3348 atque

1229 3361 1421 3426 subverterit
1435 3362 1524 3424 illam
1540 3361 1573 3424 in
1588 3362 1726 3441 civitate,
1739 3372 1849 3446 utpote
1864 3364 1899 3425 in
1913 3365 1975 3426 mi-

1229 3460 1332 3524 litanti
1347 3461 1499 3537 Ecclesia,
1511 3469 1542 3523 et
1554 3461 1622 3543 ipsa
1632 3462 1679 3524 sic
1694 3462 1894 3544 desponsata,
1906 3482 1973 3527 aon

1227 3559 1413 3622 clamaverit
1431 3560 1598 3622 Dominum
1616 3561 1804 3638 invocando,
1822 3561 1974 3625 resisten-

1227 3659 1273 3732 do,
1282 3658 1505 3733 dissentiendo,
1516 3668 1612 3740 atque
1622 3661 1661 3723 ad
1672 3679 1764 3722 suum
1775 3661 1972 3742 superiorem

1226 3757 1441 3838 confugiendo
1454 3783 1461 3835 3
1479 3759 1573 3821 ambo
1589 3759 1707 3840 pariter
1722 3758 1971 3822 damnabuntur.

1226 3855 1332 3933 Porro,
1345 3857 1372 3918 si
1388 3857 1421 3917 in
1437 3874 1513 3936 agro
1528 3857 1588 3920 hoo
1605 3856 1717 3920 fecerit
1731 3858 1858 3941 aliquis,
1871 3858 1904 3921 id
1922 3869 1973 3922 est

1227 3975 1368 4020 seorsum
1385 3957 1474 4019 nullo
1487 3957 1619 4034 sciente,
1628 3967 1661 4021 et
1674 3958 1854 4040 importune
1869 3959 1974 4022 omni·

1227 4072 1279 4130 no,
1298 4055 1366 4137 ipse
1381 4054 1510 4137 peribit,
1527 4055 1603 4136 quia
1624 4075 1663 4118 ex
1684 4056 1794 4119 habitu
1808 4057 1924 4121 vitioso
1938 4067 1973 4120 et

425 4152 458 4213 in
475 4152 596 4216 familia
616 4162 669 4216 tua
689 4162 744 4215 aut
763 4153 882 4235 populo
907 4151 963 4215 tibi
984 4151 1168 4229 commisso,
1187 4154 1455 4218 fideliberatione
1477 4155 1632 4237 pertinaci
1647 4156 1801 4237 peccavit.
1818 4155 1874 4219 llfa
1893 4176 1973 4220 vero

424 4269 553 4332 spargas
578 4261 633 4314 aut
654 4250 795 4314 diffundi
818 4251 982 4332 permittas
1004 4251 1170 4313 haereticas
1226 4252 1428 4316 miseratione
1443 4253 1541 4335 digna
1562 4253 1699 4332 ridetur,
1716 4261 1747 4318 et
1760 4254 1898 4334 gratiose
1921 4276 1973 4320 re·

423 4348 606 4430 pravitates,
623 4349 774 4413 vitiorum
790 4349 1011 4425 admixtiones,
1025 4349 1170 4429 ignoran·
1225 4351 1359 4414 ducetur
1382 4371 1400 4413 a
1425 4351 1545 4435 Spiritu
1570 4352 1695 4416 Sancto.
1721 4352 1830 4416 Omnis
1860 4354 1972 4436 itaque

423 4446 483 4508 tias
498 4453 553 4509 aut
567 4465 701 4511 errores.
720 4449 793 4510 Non
813 4449 960 4508 indueris
982 4450 1168 4508 vestimento
1225 4447 1400 4529 spiritualis
1421 4447 1590 4512 fornicatio
1611 4458 1644 4512 ct
1664 4450 1799 4514 aliorum
1822 4449 1969 4530 infectio,

423 4547 508 4624 qood
531 4565 572 4604 ee
596 4549 673 4607 lana
698 4548 828 4625 linoque
852 4555 1034 4606 contectum
1058 4556 1114 4616 ert,
1135 4545 1166 4608 id
1224 4544 1434 4628 prohihentur
1449 4546 1499 4608 his
1515 4547 1633 4610 verbis.
