4309 6259
497 498 670 545 ENAllliA'l'lss
692 498 723 542 IN
744 498 812 543 GAP.
837 497 921 543 XXVII
942 496 1138 544 NUMEROEUM.
1162 518 1202 529 -
1221 498 1292 547 Aur.
1316 500 1386 547 1le
1651 482 1708 549 481

165 666 259 729 lsrael
281 676 330 731 est
353 671 544 733 servandum
569 676 718 750 tanquam
733 669 855 750 justum
881 676 912 730 et
927 667 953 729 A
1007 671 1164 750 Dixitque
1178 673 1349 743 Dominus,
1361 670 1418 752 qui
1433 678 1498 732 tam
1513 670 1709 734 caritativam

165 772 280 828 ratum.
968 775 1000 829 ct
1028 768 1113 850 piam
1148 768 1323 832 orationem
1353 768 1500 852 protinus
1533 769 1709 845 exaudivit,

204 867 301 926 Diait
317 887 441 946 quoque
456 869 615 927 Dominus
631 870 674 927 ad
690 870 821 943 Moysen
834 886 845 924 .·
857 868 914 925 As·
968 866 1064 927 ctiam
1088 867 1211 930 meritis
1236 868 1447 949 deprecantis,
1474 873 1519 929 ad
1543 872 1674 946 Moysen
1701 888 1713 927 :

165 967 261 1023 cende
277 966 314 1024 to
330 976 467 1026 montem
487 967 584 1025 istam
601 964 818 1046 Abarint,qui
834 982 915 1033 carn-
972 969 1066 1036 tatto,
1094 965 1127 1027 id
1152 974 1199 1028 est
1223 968 1332 1048 accipe
1357 968 1395 1030 ad
1422 976 1462 1044 le,
1487 971 1581 1029 locate
1604 970 1714 1045 filium

166 1062 327 1141 pestribus
350 1062 420 1125 istis
436 1064 636 1146 propinquus
656 1072 713 1138 est,
732 1074 761 1125 at
780 1072 915 1123 contem·
970 1066 1063 1133 Noa,
1089 1067 1199 1127 niz-am
1223 1068 1260 1126 ia
1284 1087 1346 1146 qao
1368 1077 1413 1127 est
1428 1068 1574 1143 Spiritus
1587 1068 1660 1137 Dei,
1682 1065 1715 1127 id

163 1164 257 1237 piare
287 1163 365 1222 inde
396 1172 515 1223 tomam
544 1184 644 1243 qaam
674 1166 813 1223 daturas
841 1182 914 1221 sum
969 1170 1016 1224 est
1032 1162 1137 1225 virum
1153 1164 1330 1227 virtuosum
1348 1165 1380 1228 in
1404 1184 1467 1246 quo
1488 1164 1625 1245 Spiritus
1640 1163 1716 1227 San-

164 1261 247 1336 fitiis
272 1264 387 1331 Israel,
414 1260 445 1323 id
473 1270 521 1325 est
546 1270 664 1324 terram
691 1259 928 1343 promissionis·
969 1270 1038 1325 ctus
1054 1281 1111 1343 per
1126 1264 1290 1327 caritatem
1306 1271 1338 1326 et
1353 1263 1487 1328 virtutes
1503 1264 1716 1345 tamgratiose

165 1375 262 1436 quam
289 1358 413 1438 ingredi
436 1360 538 1441 cupis,
566 1360 622 1422 sed
647 1358 819 1440 nequibis:
841 1358 915 1420 ideo
969 1368 1120 1437 moratur,
1133 1363 1219 1442 quod
1236 1371 1322 1425 tanta
1338 1363 1523 1445 prelatione
1538 1362 1715 1444 condignus

165 1473 223 1535 pro
250 1462 304 1518 tua
329 1457 492 1539 aliquanta
517 1457 734 1521 consolatione
761 1456 818 1519 tibi
844 1474 913 1518 earn
970 1468 1036 1534 est;
1053 1470 1084 1521 et
1096 1481 1180 1539 pone
1195 1482 1331 1522 manum
1347 1472 1437 1523 taam
1460 1483 1557 1540 super
1579 1483 1666 1531 cam,
1682 1461 1715 1523 in

164 1556 362 1619 monstrabo.
377 1560 546 1635 Quumque
568 1559 690 1617 videris
704 1577 787 1627 eam,
810 1557 871 1615 itis
886 1565 915 1615 et
970 1558 1095 1638 signum
1111 1560 1197 1640 quod
1214 1559 1398 1622 instituatur
1417 1579 1436 1622 a
1453 1568 1494 1636 te,
1511 1569 1607 1642 atquc
1627 1568 1662 1622 ut
1677 1579 1716 1623 ex

166 1662 201 1712 tu
224 1657 269 1713 acl
285 1659 448 1731 populum
466 1666 572 1725 tuam,
590 1655 622 1716 id
644 1664 691 1717 est
714 1656 753 1717 ad
779 1653 913 1715 limbum
971 1657 1175 1739 impositione
1196 1677 1310 1720 manus
1331 1668 1392 1721 turn
1412 1659 1545 1740 gratiam
1566 1658 1716 1722 sortiatur

165 1760 304 1832 patrum.
323 1752 504 1816 Secundum
519 1755 674 1835 quosdam
697 1754 830 1816 dubium
855 1758 913 1828 est,
970 1756 1136 1836 majorem.
1155 1759 1218 1825 Qui
1241 1759 1338 1818 stabit
1359 1778 1468 1819 coram
1484 1760 1642 1819 Eleazaro
1667 1778 1716 1819 sa·

164 1867 205 1910 an
222 1848 341 1931 Moyses
357 1852 501 1914 ascendit.
518 1852 576 1914 bac
591 1852 661 1916 vice
676 1860 817 1915 montem
836 1868 916 1932 prae
934 1855 1102 1926 Bceratote,
1120 1854 1151 1917 id
1168 1863 1218 1918 est
1237 1855 1400 1937 pontiiiee,
1417 1867 1447 1917 ct
1462 1859 1552 1918 amai
1568 1858 1717 1918 multitu-

167 1947 281 2026 latum,
299 1968 340 2012 an
366 1958 486 2031 postea.
505 1950 566 2013 Sed
592 1950 667 2031 quia
682 1949 834 2013 Dominus
858 1948 913 2025 ait,
969 1954 1059 2022 dine,
1075 1960 1233 2034 quatenus
1254 1953 1397 2017 universi
1417 1955 1530 2032 sciant,
1552 1956 1637 2036 quod
1660 1974 1732 2017 me-

167 2046 335 2129 Quumque
346 2049 528 2111 ascenderis
538 2068 623 2126 eum,
636 2048 697 2111 ibis
712 2050 750 2111 ad
762 2048 916 2131 populum
969 2049 1112 2131 jubente,
1130 2050 1348 2114 instituatura
1369 2060 1399 2115 te
1418 2053 1458 2115 ad
1479 2054 1714 2135 presidentium

168 2154 269 2223 tuum,
287 2155 420 2230 apparet
441 2149 526 2229 quod
550 2156 659 2230 postea
681 2156 712 2211 et
735 2167 798 2211 non
821 2147 916 2209 modo
971 2156 1042 2231 post
1066 2156 1201 2212 mortem
1225 2158 1312 2212 tuam
1327 2174 1334 2225 ;
1351 2161 1380 2212 et
1399 2154 1491 2211 dabis
1513 2154 1544 2211 ei
1554 2162 1715 2229 precepta

167 2246 322 2323 ascendit,
340 2246 403 2308 nisi
420 2247 544 2309 dicatur
559 2247 609 2309 bis
625 2247 806 2310 ascendisse
824 2263 830 2307 :
849 2246 914 2308 imo
971 2250 1094 2308 eunctis
1109 2250 1305 2318 uidentibus,
1321 2256 1355 2311 ut
1369 2248 1551 2331 acquiescat
1566 2268 1632 2313 suaa
1647 2267 1718 2331 pro

167 2354 288 2407 certum
313 2354 373 2423 est,
391 2346 476 2427 quod
500 2354 602 2409 morte
627 2366 684 2409 sua
706 2348 745 2409 de
770 2344 915 2428 proximo
971 2345 1117 2421 motioni,
1135 2354 1166 2408 et
1180 2346 1318 2427 qualiter
1337 2356 1408 2430 post
1430 2356 1460 2410 te
1480 2348 1594 2411 debeat
1609 2346 1717 2429 praesi-

169 2442 548 2521 imminentaascenderit
558 2454 699 2508 montem
711 2444 916 2525 illum,quum
973 2442 1058 2518 dere,
1071 2453 1101 2504 et
1112 2454 1241 2521 partem
1252 2447 1367 2521 pieria
1383 2456 1458 2516 tuta,
1474 2446 1506 2509 id
1522 2454 1570 2509 est
1583 2445 1718 2509 auctori·

121 2584 126 2595 .
170 2541 325 2623 scriptum
351 2542 394 2605 sit
418 2542 451 2604 in
472 2542 741 2607 Deuteronomio:
767 2542 917 2631 Ascendit
972 2547 1067 2603 tatem
1084 2550 1115 2603 et
1138 2542 1346 2605 eminentiam
1362 2552 1459 2623 tuam,
1477 2565 1548 2626 quaa
1570 2553 1619 2607 est
1643 2563 1717 2626 pars

125 2648 130 2658 '
170 2659 244 2721 ergo
259 2640 381 2725 Moyses
396 2642 435 2704 de
460 2641 693 2723 campestribus
708 2641 796 2704 Moab
822 2660 917 2723 super
971 2638 1203 2702 beneficiorum
1222 2640 1279 2703 tibi
1298 2660 1384 2704 ame
1402 2642 1635 2725 praestitorum3
1652 2643 1715 2716 vel,

170 2738 266 2803 Nebo.
294 2740 432 2821 Eratque
456 2740 560 2817 Nebo,
587 2740 733 2803 eminens
762 2760 835 2822 pars
862 2759 917 2803 seu
971 2739 1093 2801 Partem
1104 2738 1214 2820 gloria
1224 2747 1297 2817 tura,
1306 2740 1366 2803 boc
1381 2749 1429 2803 est
1442 2740 1717 2823 participationem

169 2838 364 2901 monticulus
380 2838 413 2901 in
429 2846 537 2902 monle
552 2837 692 2900 Abarim.
973 2836 1128 2899 donorum
1153 2837 1261 2917 gratia
1286 2837 1345 2899 tibi
1369 2857 1538 2901 concessae.
1555 2839 1719 2902 Verumta-

212 2941 273 2999 Gai
294 2939 460 3017 respondit
485 2941 608 3016 Moyses
624 2959 635 2997 :
651 2937 707 3019 qui
729 2937 837 2999 audita
862 2956 918 2999 sua
972 2953 1046 2997 man
1074 2936 1169 2998 Josue
1200 2935 1311 2998 habuit
1338 2936 1594 3017 jurisdictionem
1623 2955 1719 3020 super

170 3035 388 3113 defunctione,
398 3043 429 3099 cl
444 3037 528 3117 quod
546 3045 676 3119 propter
690 3037 816 3119 culpam
829 3054 918 3097 suam
933 3039 955 3103 C
974 3034 1158 3097 universum
1170 3035 1323 3116 populum
1335 3035 1437 3113 illum,
1450 3036 1718 3117 quemadmodum

171 3136 373 3217 ingressurus
388 3154 453 3197 non
476 3144 559 3197 esset
580 3144 694 3198 terram
716 3134 917 3218 promissam,
973 3132 1112 3215 Moyscs3
1130 3134 1185 3196 sed
1211 3132 1243 3194 in
1268 3133 1341 3196 aliis
1364 3133 1426 3196 luit
1450 3133 1583 3197 inferior
1602 3135 1715 3217 Moyse,

171 3234 309 3297 ostendit
335 3253 368 3296 se
393 3253 467 3296 vere
491 3253 527 3296 ac
552 3233 656 3297 valido
682 3233 917 3295 inflammatum
973 3232 1029 3313 qui
1043 3233 1126 3293 banc
1141 3232 1275 3313 gloriam
1291 3252 1381 3295 suam
1396 3233 1531 3296 contulit
1546 3232 1609 3316 ipsi
1623 3233 1717 3296 Josue

171 3333 301 3395 caritate
317 3332 429 3415 populi
446 3332 508 3395 sibi
523 3331 687 3395 commissi
703 3340 735 3394 et
750 3331 816 3394 zelo
832 3350 918 3393 com-
972 3330 1160 3412 dispositive
1182 3339 1214 3393 et
1237 3330 1498 3409 ministerialiter,
1514 3322 1597 3395 Deus
1611 3340 1716 3395 autam

173 3432 279 3493 munis
293 3431 372 3495 boni
398 3449 518 3494 eornm.
536 3431 613 3493 Nam
636 3429 726 3511 quasi
752 3430 918 3492 immemor
972 3428 1125 3492 allectiva
1138 3438 1170 3492 et
1194 3429 1424 3512 principalitar.
1448 3434 1486 3494 Ut
1501 3434 1618 3493 audiat
1642 3452 1717 3493 eam

173 3530 231 3607 sui,
240 3548 300 3593 nec
310 3531 351 3593 de
361 3549 419 3592 sua
428 3538 530 3593 morte
541 3538 572 3592 et
583 3529 750 3611 punitione
763 3528 914 3606 turbatus,
971 3531 1076 3589 amois
1086 3548 1249 3607 synagoga
1264 3531 1411 3607 filioram
1426 3534 1541 3600 Jsraet,
1553 3530 1585 3592 id
1599 3537 1658 3607 est,
1671 3538 1716 3593 to·

172 3629 273 3692 orarit
288 3647 362 3692 mox
378 3646 437 3710 pro
452 3628 571 3691 eisdem
590 3648 597 3692 :
616 3630 791 3689 Providerat
806 3628 916 3688 Domi·
973 3634 1004 3688 ta
1019 3626 1154 3708 plebaei
1170 3627 1308 3690 obediat.
1325 3631 1391 3690 Pro
1406 3630 1512 3700 hacsi
1526 3630 1609 3707 qaid
1622 3648 1716 3705 agen-

172 3730 512 3805 nasDettsspirituttm
523 3729 627 3787 omnis
637 3729 755 3795 carnis,
763 3726 819 3807 qui
830 3726 916 3789 solus
972 3728 1052 3785 dum
1073 3728 1146 3798 crit,
1167 3728 1308 3787 Eleazar
1326 3729 1470 3786 sacerdos
1491 3730 1632 3787 consulet
1656 3730 1717 3788 Do-

174 3828 260 3891 aorit
282 3828 377 3890 corda
398 3826 543 3890 omnium
567 3824 708 3889 liliorum
734 3825 916 3904 bominum,
974 3826 1113 3895 minum,
1130 3824 1191 3887 hoc
1206 3832 1264 3900 est,
1282 3832 1467 3887 occurrente
1488 3824 1596 3905 aliquo
1618 3825 1718 3888 arduo

175 3926 243 3989 ideo
260 3925 351 3991 novit
366 3924 438 4007 quis
457 3924 573 4005 dignus
594 3924 635 3986 sit
653 3924 847 4007 principatu,
865 3927 919 3985 lto·
974 3931 1005 3983 et
1021 3922 1168 3985 intricata
1185 3922 1322 4003 negotio,
1340 3923 1468 3986 Eleazar
1483 3923 1716 4004 perorationes
1809 3935 1812 3939 ’

174 4028 295 4086 mt'aem
309 4026 369 4105 qui
387 4026 430 4084 sit
448 4044 544 4101 super
563 4026 810 4085 multitudinem
833 4026 918 4085 banc
974 4028 1006 4082 et
1021 4019 1190 4096 sacrificia,
1207 4027 1328 4100 quaeret
1343 4019 1601 4085 informationem
1617 4041 1636 4084 a
1657 4022 1716 4085 Do-

174 4124 329 4205 dignitate
351 4131 383 4185 et
404 4122 609 4197 auctoritate;
625 4131 655 4182 et
673 4124 771 4199 possit
786 4124 876 4182 cairo
890 4132 919 4183 at
974 4118 1062 4181 mino
1092 4137 1149 4200 pro
1178 4117 1353 4182 directione
1381 4120 1484 4184 losue.
1508 4125 1563 4183 Ad
1587 4124 1718 4183 omium

176 4224 299 4283 intrare
314 4232 390 4283 ante
405 4242 463 4289 eos,
482 4220 513 4281 id
529 4228 587 4297 est,
603 4239 637 4282 se
653 4219 686 4281 in
701 4219 851 4283 omnibus
867 4240 919 4283 err-
934 4223 959 4283 D
973 4216 1213 4297 ejas,videlicet
1223 4217 1625 4297 Eleazari,ia9redietar·et
1634 4242 1720 4299 epre-

175 4321 349 4403 emplarem
364 4320 517 4401 praebere,
529 4327 561 4381 et
576 4319 699 4401 primus
714 4338 784 4382 esse
800 4319 833 4381 in
851 4320 920 4385 acie
974 4320 1084 4378 otietur
1096 4320 1162 4395 ipse
1175 4316 1314 4394 losuc‚et
1328 4338 1435 4379 omnes
1449 4321 1517 4395 filii
1526 4324 1628 4381 Israel
1642 4341 1717 4382 eam

175 4420 370 4501 belli,atque
387 4418 420 4479 in
436 4417 560 4481 actibus
575 4418 648 4480 ritae
663 4418 774 4481 activa
790 4420 921 4483 exterio·
973 4439 1020 4487 eo,
1043 4416 1073 4478 id
1099 4425 1157 4492 est,
1182 4415 1271 4496 juxta
1293 4416 1457 4479 oraculum
1484 4417 1539 4480 Dei
1567 4417 1714 4482 notifica-

175 4520 218 4581 ris
228 4528 259 4583 et
269 4516 526 4598 contemplativae
538 4517 671 4580 internae
682 4516 880 4600 praelulgere,
890 4530 920 4581 et
975 4524 1042 4579 tum
1057 4533 1114 4597 par
1128 4513 1311 4576 Eleazarum
1326 4514 1388 4596 ipsi
1397 4515 1501 4592 losue,
1513 4515 1608 4579 iaciat
1621 4518 1715 4582 Josue

175 4622 305 4679 edeam
320 4620 393 4677 illos
408 4617 448 4678 ad
464 4617 702 4697 exsequendum
718 4618 851 4697 agenda,
870 4624 920 4679 oet
974 4622 1005 4679 et
1027 4632 1138 4678 omnes
1159 4613 1189 4675 ei
1211 4613 1358 4694 subjecti.
1376 4613 1600 4678 Verumtamen
1622 4616 1717 4681 losue

176 4719 379 4777 introducere
389 4715 431 4777 ad
444 4722 559 4777 terram
575 4713 811 4795 promissionis3
824 4737 865 4776 aa
878 4720 920 4778 sit
975 4721 1047 4795 post
1066 4720 1201 4775 mortem
1220 4712 1332 4793 Moysis
1353 4710 1414 4774 luit
1437 4714 1540 4795 major
1561 4723 1593 4777 et
1612 4716 1718 4778 excel-

174 4821 312 4895 popotus
322 4816 551 4877 Dominisicat
567 4816 766 4893 ovisabsqao
778 4825 918 4891 pastore.
977 4812 1092 4875 lentior
1121 4811 1279 4888 Eleazaro,
1311 4812 1578 4892 quemadmodum
1608 4824 1719 4895 postca

47 4922 163 4972 natan.
176 4914 323 4989 Quamvis
339 4913 458 4977 etenim
474 4913 566 4987 Deus,
584 4920 615 4975 et
631 4912 690 4974 sub
707 4912 770 4975 Deo
787 4912 919 4977 Michael
977 4928 1065 4990 reges
1082 4909 1298 4992 pontificibus,
1316 4919 1411 4992 prout
1425 4910 1458 4972 in
1474 4911 1556 4976 libro
1571 4914 1611 4977 de
1626 4914 1719 4994 Regi-

176 5014 466 5097 princepsmagnus
476 5010 793 5094 praeiuitSynagogae;
804 5011 874 5103 ipsa
884 5020 923 5075 ta·
978 5010 1064 5073 mine
1080 5026 1200 5088 regum,
1213 5008 1349 5072 Thomas
1364 5009 1513 5074 declarat.
1531 5011 1608 5074 Nam
1623 5031 1723 5075 sacer·

176 5132 245 5177 men
256 5110 391 5192 indiguit
402 5118 525 5193 pastore
536 5109 670 5191 propriae
681 5109 838 5191 speciei,et
848 5110 924 5193 ejus·
977 5108 1101 5171 dotium
1125 5106 1205 5169 illud
1228 5106 1289 5168 luit
1310 5107 1437 5171 carnale
1456 5117 1487 5171 et
1507 5109 1660 5192 typicum.
1677 5110 1723 5172 Ex

177 5214 245 5275 dem
258 5208 511 5274 conversationis
521 5228 559 5270 ac
572 5215 672 5269 status
685 5228 757 5271 cum
771 5227 846 5286 ea,a
860 5228 924 5289 quo
978 5207 1138 5290 predictis
1154 5214 1259 5268 autem
1285 5225 1350 5270 non
1365 5215 1413 5270 est
1431 5209 1619 5289 putandum,
1635 5211 1720 5291 quod

179 5330 233 5394 per
246 5307 413 5374 sensibilia
431 5314 553 5389 poterat
570 5306 736 5370 informari
754 5326 790 5370 ac
808 5307 921 5387 dirigi.
978 5306 1081 5387 Moyse
1096 5304 1233 5382 vivente,
1249 5304 1344 5368 losue
1361 5304 1458 5369 luerit
1477 5325 1645 5389 supremus
1667 5327 1720 5390 po

299 5444 332 5496 T.
348 5444 373 5493 2.
635 5456 639 5461 ·
1566 5442 1595 5492 31
