4309 6259
599 518 774 565 manuario
795 518 825 564 m
846 518 915 565 cnr.
938 518 981 565 xx
1001 518 1104 565 axoni.
1126 536 1166 547 -
1186 517 1258 565 nur.
1280 517 1331 563 rar
1708 496 1728 560 o
1805 552 1810 560 .

184 687 248 751 bris
270 688 487 765 involvamur,
506 707 564 751 nec
585 688 721 772 alicujus
741 688 929 755 idololatria
944 688 971 752 ll
985 690 1112 753 mortali
1127 697 1176 753 est
1190 690 1295 773 culpa,
1312 688 1368 771 qui
1384 688 1497 752 creatis
1513 686 1614 767 magis
1630 706 1727 770 quam

184 786 392 850 immoremur
414 787 556 868 caligini.
984 788 1135 865 Creatori,
1157 788 1291 853 vanitati
1310 787 1411 869 magis
1432 806 1527 868 quam
1545 786 1671 849 veritati
1691 806 1727 850 ao

221 885 345 948 Dicitur
365 884 453 948 enim
473 886 648 969 unicuique
666 895 811 951 nostrum
829 907 836 951 :
855 891 929 951 Non
984 887 1126 968 equitati
1149 887 1291 965 inhaeret,
1309 896 1404 969 atque
1425 887 1459 948 in
1481 885 1531 948 his
1551 885 1653 962 vanis,
1671 885 1728 950 loe

183 986 307 1045 tatebm
322 987 396 1046 deos
411 986 534 1046 alienos
544 1006 653 1047 eoram
668 1006 728 1047 me.
737 986 852 1049 Contra
868 987 928 1050 boc
983 985 1033 1048 dis
1048 1005 1085 1049 ac
1100 985 1217 1049 vilibus
1233 986 1328 1049 rebus
1346 984 1450 1048 linem
1466 984 1528 1047 sibi
1548 984 1725 1047 constituit.

182 1082 245 1163 agit
269 1082 440 1166 superbus,
463 1084 518 1165 qui
542 1103 576 1147 se
600 1084 705 1167 ipsum
733 1083 809 1147 lacit
833 1085 927 1148 deum
983 1085 1043 1148 lste
1059 1085 1121 1147 sibi
1142 1083 1258 1148 iormat
1277 1092 1309 1147 et
1329 1084 1418 1164 eligit
1437 1084 1513 1146 deos
1532 1083 1666 1159 alienos,
1687 1083 1727 1144 de

182 1181 388 1263 sibimetipsi,
407 1190 504 1264 atque
523 1181 563 1245 ab
582 1182 655 1245 aliis
675 1190 827 1265 tanquam
849 1184 927 1247 deus
982 1185 1074 1266 cujus
1088 1184 1212 1247 vilitate
1221 1204 1258 1247 ae
1269 1184 1432 1266 impietate
1442 1182 1575 1265 Sapiens
1589 1182 1635 1243 ait
1647 1199 1654 1243 :
1666 1181 1727 1245 Cor
1741 1200 1872 1257 spano.

182 1282 249 1344 vult
269 1281 434 1357 honorari,
457 1283 532 1345 dum
556 1300 620 1345 non
642 1282 708 1359 Dei,
731 1283 785 1345 sed
809 1283 857 1346 sui
881 1283 928 1366 ip-
982 1283 1086 1365 iniqui
1102 1284 1184 1346 einis
1204 1292 1252 1347 cst
1271 1290 1303 1345 et
1323 1291 1425 1356 terra3
1442 1301 1638 1364 supervacua
1653 1299 1726 1363 spes

182 1381 246 1443 sius
272 1378 389 1461 quaerit
412 1380 548 1461 gloriam
574 1390 606 1445 et
629 1381 802 1459 honorem3
828 1388 860 1445 et
884 1382 927 1445 ita
982 1382 1082 1459 illius,
1106 1390 1138 1445 et
1160 1382 1227 1446 luto
1248 1381 1343 1445 vilior
1362 1380 1428 1443 vita
1449 1381 1519 1463 ejus
1544 1398 1550 1442 :
1574 1380 1725 1462 quoniam

58 1486 85 1499 “·
180 1498 213 1541 se
232 1478 332 1541 babet
351 1498 388 1541 ac
411 1478 517 1541 taliter
537 1479 703 1559 gloriatur,
721 1480 813 1561 quasi
828 1498 927 1544 nona
981 1481 1141 1561 ignoravit
1157 1480 1249 1543 illum
1264 1480 1319 1563 qui
1341 1499 1375 1543 se
1395 1478 1500 1556 linxit,
1518 1480 1578 1543 boo
1593 1486 1652 1556 est,
1669 1496 1726 1561 per

179 1578 251 1653 Deo,
270 1578 327 1639 sed
343 1596 362 1639 a
376 1596 411 1640 se
427 1576 497 1659 ipso
514 1577 556 1639 sit
575 1585 607 1640 et
626 1578 741 1641 babeat
760 1580 846 1659 quod
866 1588 924 1657 est,
982 1577 1126 1641 debitum
1142 1577 1264 1640 cultum
1281 1596 1343 1640 non
1360 1576 1545 1657 recognovit
1560 1575 1725 1658 proprium

178 1686 209 1739 et
229 1676 317 1757 quod
340 1675 447 1739 babet.
465 1676 561 1756 Magis
582 1695 710 1758 quoque
729 1677 844 1758 querit
864 1678 925 1741 sibi
979 1677 1170 1740 Creatorem.

178 1774 404 1857 obtemperari,
421 1793 519 1856 quam
541 1776 615 1838 Deo.
633 1775 752 1857 Nempe
773 1776 800 1837 si
820 1776 927 1839 videat
1020 1780 1096 1838 Nova
1111 1778 1212 1855 facies
1228 1777 1287 1837 titi
1306 1776 1467 1853 sculptile,
1482 1796 1585 1855 neque
1600 1794 1725 1835 omnem

178 1874 231 1936 Dei
247 1883 409 1955 precepta
423 1892 442 1935 a
457 1892 491 1936 so
503 1874 573 1955 ipso
588 1893 625 1937 ac
640 1873 712 1936 aliis
723 1874 849 1952 violari,
862 1894 926 1939 non
942 1868 1244 1947 Bsimilitudinem,
1254 1882 1313 1937 etc.
1326 1874 1389 1937 lloo
1405 1882 1563 1956 precepto
1578 1872 1725 1956 jubemur

180 1980 277 2049 curat,
296 1990 357 2035 nec
372 1972 580 2051 contabescit,
594 1991 652 2035 nec
666 1973 734 2037 zelo
750 1972 928 2037 inflamma·
980 1992 1035 2037 cor
1051 1983 1196 2037 nostrum
1210 1993 1229 2035 a
1245 1973 1391 2056 turpibus
1408 1970 1690 2054 phantasmatibus,
1707 1992 1726 2034 a
1747 2014 1752 2023 -

182 2080 228 2133 tur
241 2071 378 2153 justitia
397 2071 529 2135 zelando
549 2090 607 2155 pro
623 2072 769 2149 Domino,
785 2074 874 2155 juxta
892 2073 927 2136 il·
981 2072 1119 2136 sordidis
1140 2071 1359 2154 phantasiis,a
1377 2069 1650 2147 distractionibus
1671 2088 1727 2152 po·

70 2184 167 2235 narn.
181 2170 253 2233 lud:
272 2171 449 2235 Tabescere
464 2190 515 2235 me
532 2170 610 2235 lecit
628 2172 714 2235 zelus
733 2191 834 2248 meus,
851 2172 928 2254 quia
983 2172 1105 2235 tissime
1120 2171 1273 2236 orationis
1289 2168 1632 2251 contemplationisque
1648 2177 1726 2231 tem-

56 2249 92 2289 ¹³⁹'
180 2268 270 2333 obliti
292 2277 369 2331 sunt
389 2269 488 2333 verba
504 2278 558 2341 tua
579 2270 702 2333 inimici
722 2270 797 2333 mei.
818 2271 925 2347 Porro,
983 2290 1070 2354 pore,
1088 2280 1120 2333 et
1139 2271 1173 2332 in
1191 2269 1314 2333 cunctis
1334 2267 1453 2332 divinis
1469 2286 1605 2350 purgare
1620 2286 1657 2330 ac
1672 2287 1726 2330 cu-

180 2368 204 2429 si
220 2368 330 2431 videat
346 2387 380 2431 se
395 2368 569 2445 contemni,
579 2376 634 2431 aut
649 2368 779 2452 propria
794 2369 928 2452 vilipen·
982 2369 1112 2445 stodiro,
1125 2378 1282 2450 quatenus
1298 2386 1388 2450 pura,
1406 2368 1546 2443 ardente,
1564 2385 1601 2428 ac
1617 2365 1725 2429 stabili

179 2466 210 2527 di
233 2468 396 2543 mandata,
420 2485 494 2530 mox
515 2466 594 2529 lurit
615 2476 647 2530 et
671 2468 867 2549 indignatur,
891 2486 927 2531 ac
982 2476 1090 2531 mente
1100 2466 1312 2549 omnipotenti
1326 2467 1386 2529 Deo
1397 2465 1497 2528 simus
1509 2464 1727 2547 intenti,ejus-

179 2563 269 2645 quasi
286 2566 347 2627 sub
363 2566 471 2629 colore
485 2565 617 2646 justitiae
637 2565 670 2627 in
693 2573 928 2647 contemptores
981 2586 1044 2648 que
1071 2585 1153 2648 opus
1181 2585 1254 2628 curn
1281 2565 1388 2629 debita
1410 2564 1587 2627 reverentia
1606 2564 1725 2646 jugiter

180 2663 226 2724 sui
242 2663 396 2743 exsurgit.
409 2662 443 2724 ln
461 2662 515 2725 tali
532 2664 650 2726 etenim
666 2662 797 2727 bomine
813 2662 928 2745 impro
983 2666 1210 2750 persolvamus.
1220 2667 1466 2741 Epoenimsum
1474 2667 1726 2725 Domtamlteus

180 2760 220 2823 bo
240 2779 278 2823 ac
301 2778 464 2842 perverso,
482 2760 567 2840 viget
591 2760 734 2843 privatus
756 2780 845 2825 amor
865 2761 925 2837 sui,
984 2776 1057 2827 treus
1078 2765 1185 2841 fortia,
1207 2767 1331 2833 zelotes,
1354 2764 1491 2823 visitans
1515 2763 1725 2841 iniquitatem

181 2876 242 2922 non
259 2866 369 2921 sancta
385 2858 514 2923 dilectio
529 2859 596 2923 Dei.
613 2858 791 2933 Quocontra
806 2860 850 2921 ait
865 2859 928 2921 Eli·
978 2864 1163 2943 patrumm
1177 2862 1271 2939 filios.
1284 2859 1393 2940 ltaque
1407 2860 1434 2921 si
1450 2868 1597 2942 optamus
1612 2859 1726 2922 1111111-

179 2977 213 3020 as
230 2975 237 3019 :
255 2958 329 3021 Zelo
344 2957 465 3021 zelatus
480 2977 550 3020 sum
567 2977 625 3040 pro
639 2957 881 3021 Domino.Unde
896 2966 928 3020 et
982 2980 1033 3023 ma
1051 2968 1159 3023 nostra
1173 2978 1291 3041 sponsa
1309 2959 1351 3020 sit
1371 2957 1420 3020 sui
1438 2959 1594 3021 creatoris
1610 2978 1646 3021 ao
1662 2957 1725 3021 Sal-

76 3062 81 3070 '
179 3057 422 3139 Cbrysostomus
442 3064 635 3139 protestatur
654 3077 660 3122 :
678 3055 763 3119 Nihil
784 3054 926 3137 iniquius
942 3056 965 3122 C
982 3058 1111 3135 vetoris,
1129 3066 1254 3140 oportet
1270 3075 1327 3120 nos
1343 3056 1372 3119 ei
1389 3055 1606 3119 indesinenter
1622 3055 1725 3119 tideli-

180 3175 275 3236 quam
298 3156 354 3219 Dei
381 3155 534 3237 injuriam
559 3154 771 3231 dissimulare,
798 3163 830 3217 et
854 3173 926 3237 pro
983 3166 1078 3221 tatem
1094 3176 1231 3233 servare,
1250 3175 1308 3219 nco
1322 3154 1443 3236 aliquid
1461 3154 1523 3217 nisi
1539 3154 1656 3237 ipsum,
1673 3155 1724 3218 vel

179 3255 279 3337 priam
295 3253 474 3317 vindicare.
491 3253 515 3317 0
530 3272 625 3335 quam
642 3254 735 3316 multi
752 3253 874 3336 praelati
889 3272 925 3315 ac
984 3266 1114 3340 propter
1134 3254 1252 3338 ipsum,
1269 3274 1305 3319 ac
1322 3254 1355 3317 in
1372 3254 1443 3337 ipso
1458 3254 1602 3334 diligere,
1618 3254 1725 3316 corde

180 3353 341 3437 principes
364 3362 441 3415 sunt
462 3352 558 3417 bodie
581 3352 678 3417 talesl
702 3352 759 3435 qui
780 3351 926 3415 subditos
981 3374 1044 3437 que
1062 3354 1187 3435 integro
1208 3353 1357 3417 detestari
1377 3372 1414 3416 ac
1435 3352 1545 3433 lugere
1567 3352 1723 3435 quidquid

179 3470 250 3515 suos
270 3470 328 3534 per
347 3450 500 3515 vitiorum
523 3451 659 3533 abrupta
674 3449 837 3533 proticisci
852 3468 926 3514 con·
980 3473 999 3515 a
1021 3452 1243 3516 mundissimis
1267 3452 1337 3533 ejus
1361 3449 1559 3533 amplexibus
1583 3458 1723 3513 mentem

179 3551 330 3634 spiciunt,
348 3570 408 3614 nec
424 3550 543 3627 dolent,
556 3569 660 3632 neque
675 3551 857 3627 emendant,
871 3550 925 3614 sed
980 3551 1100 3615 avellit.
1115 3551 1194 3614 lline
1210 3558 1338 3614 sanctus
1352 3551 1488 3613 loannes
1503 3548 1666 3631 apostolus
1682 3548 1725 3611 lo

178 3650 287 3725 silent;
299 3648 465 3733 propriam
482 3668 557 3713 vero
573 3649 859 3727 inhonorationem,
867 3668 925 3713 nec
981 3651 1117 3734 quitur:
1140 3649 1172 3712 Si
1193 3649 1265 3730 quis
1285 3648 1390 3729 diligit
1410 3648 1578 3725 mundum,
1597 3655 1724 3711 nonest
1749 3666 1870 3714 riman.

178 3748 212 3811 in
227 3748 363 3812 modicis
379 3748 476 3812 rebus
491 3748 615 3831 perpeti
625 3756 763 3829 queunt:
777 3748 848 3812 ideo
860 3766 924 3811 non
981 3749 1097 3813 caritas
1118 3749 1173 3811 Dei
1195 3748 1228 3810 in
1249 3747 1329 3829 ipso.
1351 3748 1390 3809 Et
1412 3745 1546 3810 lacobus
1569 3753 1697 3809 sanctus
1714 3762 1721 3807 :
1740 3733 1772 3773 ¹⁵·

177 3857 252 3911 sunt
275 3846 345 3911 veri
369 3846 482 3911 vicarii
506 3848 673 3925 Creatoris,
701 3848 756 3911 scd
781 3848 865 3911 servi
889 3867 926 3911 ac
981 3847 1191 3930 Quicumque,
1209 3845 1326 3928 inquit,
1339 3844 1476 3908 voluerit
1490 3844 1612 3908 amicus
1628 3844 1724 3927 hujus
1737 3865 1869 3915 laetans.

176 3946 239 4009 titii
254 3947 421 4011 demonis.
981 3946 1095 4009 mundi
1125 3944 1208 4022 lieri,
1235 3943 1386 4006 inimicus
1415 3942 1470 4007 Dei
1500 3943 1722 4007 constituetur.

216 4046 373 4110 Similiter
396 4054 509 4110 contra
530 4044 616 4108 istud
638 4055 832 4129 preceptum
855 4066 927 4130 poc·
982 4044 1157 4108 Caveamus
1177 4060 1253 4123 erge
1268 4061 1309 4106 ne
1324 4042 1474 4107 vitiorum
1491 4050 1672 4106 nostrornm
1688 4041 1724 4104 li·

176 4152 249 4207 cant
271 4143 372 4221 avari,
396 4143 453 4226 qui
475 4143 576 4224 magis
598 4142 789 4207 alliciuntur
810 4146 850 4208 ad
872 4142 927 4208 au'-
983 4143 1055 4221 lios,
1080 4143 1111 4205 id
1134 4150 1183 4206 est
1204 4142 1390 4218 imitatores,
1414 4159 1632 4218 consensores,
1654 4159 1726 4204 coo-

176 4261 258 4320 rum,
277 4261 375 4324 quam
391 4242 431 4304 ad
447 4242 591 4306 omnium
613 4240 734 4305 iontem
754 4242 923 4323 bonorum,
941 4241 1155 4325 operatores,
1180 4249 1235 4303 aut
1257 4239 1370 4321 quovis
1395 4240 1490 4303 modo
1513 4239 1727 4303 communica·

175 4342 231 4422 qui
247 4359 418 4403 nummum
434 4339 609 4422 preferant
623 4341 697 4419 Deo,
714 4350 747 4405 et
761 4360 819 4424 pro
835 4362 926 4425 pecu·
984 4350 1067 4404 tores
1084 4339 1259 4403 babeamus
1275 4359 1312 4402 ac
1328 4338 1548 4422 relinquamus
1565 4358 1573 4401 ε
1590 4359 1630 4401 ne
1645 4338 1725 4402 alios

176 4440 228 4503 nia
251 4439 443 4521 relinquunt
463 4439 632 4520 justitiam,
656 4460 693 4503 ac
716 4440 796 4503 lucri
819 4461 926 4506 amoro
982 4439 1173 4502 inducamus
1196 4438 1235 4500 ad
1258 4436 1342 4500 mala
1363 4438 1471 4513 verbo,
1494 4436 1726 4520 exempleant

174 4538 295 4619 jurant,
314 4538 493 4619 perjurant,
516 4536 634 4600 fallunt
654 4558 691 4602 ao
713 4539 924 4618 mentiuntur,
981 4555 1077 4621 opere
1095 4553 1102 4598 :
1122 4555 1162 4598 ne
1179 4543 1211 4599 et
1227 4545 1335 4599 nostra
1352 4543 1481 4617 peccata
1498 4536 1531 4598 in
1548 4535 1674 4597 tertiam
1693 4545 1725 4599 ct

174 4636 385 4718 judicantque
395 4636 786 4720 perversePropterquod
797 4638 926 4701 divinus
981 4644 1129 4719 quartam
1148 4634 1386 4716 generationem
1402 4633 1571 4698 visitentur
1586 4654 1605 4698 a
1621 4635 1725 4698 Domi-

62 4740 161 4799 oaaa,
174 4735 348 4817 Apostolus
372 4734 540 4799 avaritiam
566 4752 629 4798 non
661 4734 768 4818 inepte
798 4735 927 4800 idolola-
982 4753 1035 4813 no,
1052 4734 1263 4814 omniumque
1282 4732 1411 4796 illorum
1428 4741 1557 4815 peecata
1571 4752 1607 4796 ac
1622 4752 1725 4815 poenea

54 4806 69 4843 ⁵'
176 4834 269 4895 triam
285 4832 474 4916 appellavit.
486 4833 617 4911 Rursus,
630 4842 740 4897 contra
756 4834 928 4918 idcmprae-
981 4834 1161 4898 redundent
1181 4833 1214 4895 in
1235 4851 1304 4896 nos.

69 4940 152 5001 uturp.
173 4939 303 5013 ceptum
320 4930 387 5010 agit
401 4930 596 5007 luxuriosus,
612 4932 705 5013 cujus
722 4933 800 4995 deus
815 4941 927 4996 venter
1021 4935 1096 4994 Non
1111 4953 1251 4993 assumo
1265 4951 1380 4991 nomen
1396 4932 1458 4991 Dei
1472 4934 1523 4993 tui
1538 4933 1574 4992 in
1589 4952 1723 4993 vanum.

54 5008 109 5047 ''¹'‘
173 5038 233 5106 est,
252 5038 284 5093 et
299 5028 404 5111 gloria
420 5028 452 5091 in
470 5028 637 5111 pudendis,
656 5029 711 5112 qui
728 5029 846 5093 loedam
862 5050 927 5094 car·
982 5032 1045 5095 lloc
1061 5031 1209 5113 estquod
1230 5029 1263 5091 in
1280 5029 1452 5111 Evangelio
1468 5029 1609 5111 loquitur
1623 5030 1726 5093 Domi-

174 5147 248 5191 ncm
261 5128 363 5209 magis
373 5146 470 5208 quam
482 5126 765 5209 incomparabilem
777 5137 809 5192 et
820 5148 927 5213 super·
982 5150 1041 5192 nus
1060 5148 1066 5192 :
1085 5128 1236 5209 Egodico
1256 5128 1348 5191 vobis
1369 5148 1432 5192 non
1453 5128 1559 5211 jurare
1580 5128 1723 5191 omnino.
1758 5150 1869 5202 aazias,

174 5224 475 5307 prestantissimam
487 5224 640 5287 lleitatem
656 5226 781 5306 cogitat,
792 5236 885 5304 amat,
895 5237 926 5291 ot
982 5228 1028 5291 Sit
1042 5236 1149 5290 autem
1161 5246 1265 5289 sermo
1276 5236 1380 5289 vester
1393 5245 1400 5288 :
1412 5228 1477 5303 Est,
1488 5235 1550 5300 est3
1564 5245 1722 5304 non,non.
1740 5216 1774 5261 ³⁴·
1784 5215 1817 5256 ³⁷·

172 5322 308 5405 adipisci
319 5331 518 5397 conatur;ot
528 5322 875 5407 breviterquicumque
890 5326 923 5388 in
979 5327 1113 5389 lacobus
1137 5343 1266 5407 quoque
1291 5325 1453 5407 apostolus
1477 5346 1484 5389 :
1508 5323 1589 5387 Ante
1613 5324 1722 5388 omnia
1737 5348 1872 5399 amasia.
